@article{crolard01,
  author    = {Tristan Crolard},
  title     = {Subtractive logic},
  journal   = {Theor. Comput. Sci.},
  volume    = {254},
  number    = {1-2},
  year      = {2001},
  pages     = {151-185},
}


@book{Lambek:1988,
	Author = {Lambek, J. and Scott, P.J.},
	Publisher = {Cambridge University Press},
	Series = {Cambridge Studies in Advanced Mathematics},
	Title = {Introduction to Higher-Order Categorical Logic},
	Year = {1988}}

@inproceedings{Seely:1989,
	Author = {R. Seely},
	Booktitle = {Computer Science Logic},
	Title = {Linear Logic, *-Autonomous Categories and Cofree Coalgebras},
	Year = {1989}}


@article{Selinger:2001,
	Author = {Selinger, P.},
	Journal = {Mathematical Structures in Computer Science},
	Number = {02},
	Pages = {207--260},
	Title = {Control categories and duality: on the categorical semantics of the lambda-mu calculus},
	Volume = {11},
	Year = {2001}}
