@article{Eades:2010,
	Author = {Harley D. Eades III and Aaron Stump},
	Journal = {Proof-Search in Type Theories (PSTT)},
	Title = {Hereditary Substitution for Stratified System F},
	Year = {2010}}                  

@inproceedings{Eades:2013,
	Author = {Eades III, Harley D. and Stump, Aaron},
	Booktitle = {{\rm Proceedings First Workshop on} Control Operators and their Semantics, {\rm Eindhoven, The Netherlands, June 24-25, 2013 }},
	Editor = {de'Liguoro, Ugo and Saurin, Alexis},
	Pages = {45-65},
	Publisher = {Open Publishing Association},
	Series = {Electronic Proceedings in Theoretical Computer Science},
	Title = {Hereditary Substitution for the {\rm $\lambda\Delta$}-Calculus},
	Volume = {127},
	Year = {2013}}


@unpublished{Stump:2013,
	Author = {Aaron Stump and Harley Eades and Ryan McCleary},
	Month = {June},
	Note = {Control Operators and their Semantics 2013},
	Title = {Extended Abstract: Reconsidering Intuitionistic Duality},
	Year = {2013}}

@article{Stump:2012,
	Author = {Aaron Stump and Andrew Reynolds and Cesare Tinelli and Austin Laugesen and Harley D. Eades III and Corey Oliver and Ruoyu Zhang},
	Journal = {Proof Exchange for Theorem Proving (PxTP)},
	Title = {LFSC for SMT Proofs: Work in Progress},
	Year = {2012}}                  

@article{Kimmel:2012,
	Author = {Garrin Kimmell and Aaron Stump and Harley D. Eades III and Peng Fu and Tim Sheard and Stephanie Weirich and Chris Casinghino and Vilhelm Sjoberg and Nathan Collins and Ki Yung Ahn},
	Journal = {Programming Languages Meets Program Verifcation (PLPV)},
	Title = {Equational Reasoning about Programs with General Recursion and Call-by-value Semantics},
	Year = {2012}}


@inproceedings{Sjoberg:2012,
	Author = {Vilhelm Sjoberg and Chris Casinghino and Ki Yung Ahn and Nathan Collins and Harley D. Eades III and Peng Fu and Garrin Kimmell and Tim Sheard and Aaron Stump and Stephanie Weirich},
	Booktitle = {{\rm Proceedings Fourth Workshop on} Mathematically Structured Functional Programming, {\rm Tallinn, Estonia, 25 March 2012}},
	Editor = {Chapman, James and Levy, Paul Blain},
	Pages = {112-162},
	Publisher = {Open Publishing Association},
	Series = {Electronic Proceedings in Theoretical Computer Science},
	Title = {Irrelevance, Heterogeneous Equality, and Call-by-value Dependent Type Systems},
	Volume = {76},
	Year = {2012}}


@article{Kimmel:2013,
	Author = {Garrin Kimmell and Aaron Stump and Harley D. Eades III and Peng Fu and Tim Sheard and Stephanie Weirich and Chris Casinghino and Vilhelm Sjoberg and Nathan Collins and Ki Yung Ahn},
	Journal = {Special issue of Progress in Informatics},
	Month = {March },
	Title = {Equational Reasoning about Programs with General Recursion and Call-by-value Semantics},
	Year = {2013}}
