@article{Statman:1985,
title = "Logical relations and the typed lambda-calculus ",
journal = "Information and Control ",
volume = "65",
number = "2‚Äì3",
pages = "85 - 97",
year = "1985",
note = "",
issn = "0019-9958",
doi = "http://dx.doi.org/10.1016/S0019-9958(85)80001-2",
author = "R. Statman"
}

@article{Plotkin:1973,
title = "Lambda-definability and logical relations",
journal = "University of Edinburgh School of Artificial Intelligence Memorandum SAI-RM-4",
year = "1973",
author = "G. Plotkin"
}

@inproceedings{Griffin:1990,
	Author = {T. Griffin},
	Booktitle = {In Conference Record of the Seventeenth Annual ACM Symposium on Principles of Programming Languages},
	Pages = {47--58},
	Publisher = {ACM Press},
	Title = {A Formulae-as-Types Notion of Control},
	Year = {1990}}

@incollection{Reynolds:2003,
	Acmid = {766967},
	Address = {New York, NY, USA},
	Author = {Reynolds, J. C.},
	Chapter = {What Do Types Mean?: From Intrinsic to Extrinsic Semantics},
	Date-Added = {2014-05-29 16:44:25 +0000},
	Date-Modified = {2014-05-29 16:44:32 +0000},
	Editor = {McIver, A. and Morgan, C.},
	Isbn = {0-387-95349-3},
	Numpages = {19},
	Pages = {309--327},
	Publisher = {Springer-Verlag New York, Inc.},
	Title = {Programming Methodology},
	Url = {http://dl.acm.org/citation.cfm?id=766951.766967},
	Year = {2003}}

@ARTICLE{Eades:2013,
   author = {{Eades}, H. and {Stump}, A.},
    title = "{Hereditary Substitution for the $\lambda\Delta$-Calculus}",
  journal = {ArXiv e-prints},
archivePrefix = "arXiv",
   eprint = {1309.1256},
 primaryClass = "cs.LO",
 keywords = {Computer Science - Logic in Computer Science, Computer Science - Programming Languages, D.3.1, D.3.3, F.3.1, F.3.3, F.4.1},
     year = 2013,
    month = sep,
   adsurl = {http://adsabs.harvard.edu/abs/2013arXiv1309.1256E},
  adsnote = {Provided by the SAO/NASA Astrophysics Data System}}

@article{Barthe:2001,
	Author = {G. Barthe and J. Hatcliff and M. H. S{\~A}¸rensen},
	Journal = {Theoretical Computer Science},
	Number = {1-2},
	Pages = {317 - 361},
	Title = {Weak normalization implies strong normalization in a class of non-dependent pure type systems},
	Volume = {269},
	Year = {2001}}           

@article{Biasi:2008:TAP:2365856.2365859,
 author = {Biasi, C. and Aschieri, F.},
 title = {A Term Assignment for Polarized Bi-intuitionistic Logic and Its Strong Normalization},
 journal = {Fundam. Inf.},
 issue_date = {April 2008},
 volume = {84},
 number = {2},
 month = apr,
 year = {2008},
 issn = {0169-2968},
 pages = {185--205},
 numpages = {21},
 url = {http://dl.acm.org/citation.cfm?id=2365856.2365859},
 acmid = {2365859},
 publisher = {IOS Press},
 address = {Amsterdam, The Netherlands, The Netherlands},
 keywords = {bi-intuitionistic logic, intuitionistic logic for pragmatics, lambda calculus, strong normalization, subtractive logic}}

@article{Crolard:2004,
	Author = {Crolard, T.},
	Journal = {J. Log. and Comput.},
	Month = aug,
	Number = {4},
	Pages = {529--570},
	Title = {A Formulae-as-Types Interpretation of Subtractive Logic},
	Volume = {14},
	Year = {2004}}

@inproceedings{Stump:2014:RPD:2541568.2541575,
 author = {Stump, A.},
 title = {The Recursive Polarized Dual Calculus},
 booktitle = {Proceedings of the ACM SIGPLAN 2014 Workshop on Programming Languages Meets Program Verification},
 series = {PLPV '14},
 year = {2014},
 isbn = {978-1-4503-2567-7},
 location = {San Diego, California, USA},
 pages = {3--14},
 numpages = {12},
 url = {http://doi.acm.org/10.1145/2541568.2541575},
 doi = {10.1145/2541568.2541575},
 acmid = {2541575},
 publisher = {ACM},
 address = {New York, NY, USA},
 keywords = {classical type theory, dual calculus, mixed induction/coinduction},
} 

@incollection{Curien:2002,
	Author = {Curien, P.},
	Booktitle = {Applied Semantics},
	Editor = {Barthe, G. and Dybjer, P. and Pinto, L. and Saraiva, J.},
	Pages = {123-136},
	Publisher = {Springer Berlin Heidelberg},
	Series = {Lecture Notes in Computer Science},
	Title = {Abstract Machines, Control, and Sequents},
	Volume = {2395},
	Year = {2002}}

@inproceedings{Sewell:2010,
	Author = {P. Sewell and F. Nardelli and S. Owens and G. Peskine and T. Ridge and S. Sarkar and R. Strnisa},
	Booktitle = {Journal of Functional Programming},
	Number = {1},
	Pages = {71-122},
	Title = {Ott: Effective tool support for the working semanticist},
	Volume = {20},
	Year = {2010}}

@unpublished{Eades:2014,
        Author = {H. Eades and A. Stump and R. McCleeary},
        Title  = {Dualized Type Theory},
        note={Companion report, available at http://metatheorem.org/wp-content/papers/TLCA14-comp.pdf},
        Year={2014}}

@unpublished{Eades:2014-full,
        Author = {H. Eades},
        Title  = {The Semantics of Advanced Programming Languages},
        note={Full version, available at http://metatheorem.org/wp-content/papers/thesis-full.pdf},
        Year={2014}}

@article{Bellin:2014,
	Author = {G. Bellin and M. Carrara and D. Chiffi and A. Menti},
	Journal = {Submitted to Logic and Logical Philosophy},
	Title = {A pragmatic dialogic interpretation of bi-intuitionism},
	Year = {2014}}

@article{Bellin:2005,
	Author = {G. Bellin},
	Journal = {LICS'05-IMLA'05},
	Title = {A Term Assignment for Dual Intuitionistic Logic},
	Year = {2005}}

@unpublished{Bellin:2004,
	Author = {G. Bellin},
	Title = {Natural Deduction and term assignment for co-Heyting algebras in Polarized Bi-Intuitionistic Logic},
	Year = {2004}}

@article{Bellin:2012,
	Author = {Bellin, G.},
	Journal = {Submitted to LOMECS},
	Title = {Categorical Proof Theory of Co-Intuitionistic Linear Logic},
	Year = {2012}}

@article{Lambek:1995,
	Author = {J. Lambek},
	Journal = {Fundam. Inform.},
	Number = {1/2},
	Pages = {53-67},
	Title = {Cut Elimination for Classical Bilinear Logic},
	Volume = {22},
	Year = {1995}}

@inbook{Lambek:1993,
	Author = {J. Lambek},
	Chapter = {From Categorical Grammar to Bilinear Logic},
	Editor = {K. Do{\v s}en and P. Schroeder-Heister},
	Publisher = {Oxford Science Publications},
	Title = {Substructural Logics},
	Volume = {2},
	Year = {1993}}                  

@inproceedings{DBLP:conf/aiml/GorePT08,
  author    = {R. Gor{\'e} and
               Linda Postniece and
               Alwen Tiu},
  title     = {Cut-elimination and proof-search for bi-intuitionistic logic
               using nested sequents},
  booktitle = {Advances in Modal Logic},
  year      = {2008},
  pages     = {43-66},
  ee        = {http://www.aiml.net/volumes/volume7/Gore-Postniece-Tiu.pdf},
  crossref  = {DBLP:conf/aiml/2008},
  bibsource = {DBLP, http://dblp.uni-trier.de}
}
@proceedings{DBLP:conf/aiml/2008,
  editor    = {C. Areces and
               R. Goldblatt},
  title     = {Advances in Modal Logic 7, papers from the seventh conference
               on "Advances in Modal Logic," held in Nancy, France, 9-12
               September 2008},
  booktitle = {Advances in Modal Logic},
  publisher = {College Publications},
  year      = {2008},
  isbn      = {978-1-904987-68-0},
  bibsource = {DBLP, http://dblp.uni-trier.de}
}                  

                  
@article{Gore:2010,
	Author = {R. Gor{\'e} and L. Postniece and A. Tiu},
	Journal = {CoRR},
	Title = {Cut-Elimination and Proof Search for Bi-Intuitionistic Tense Logic},
	Volume = {abs/1006.4793},
	Year = {2010}}


@article{Schellinx:1991,
	Author = {Schellinx, H.},
	Journal = {Journal of Logic and Computation},
	Number = {4},
	Pages = {537-559},
	Title = {Some Syntactical Observations on Linear Logic},
	Volume = {1},
	Year = {1991}}

@incollection{Filinski:1989,
  year={1989},
  isbn={978-3-540-51662-0},
  booktitle={Category Theory and Computer Science},
  volume={389},
  series={Lecture Notes in Computer Science},
  editor={Pitt, D. and Rydeheard, D. and Dybjer, P. and Pitts, A. and Poign, A.},
  doi={10.1007/BFb0018355},
  title={Declarative continuations: An investigation of duality in programming language semantics},
  url={http://dx.doi.org/10.1007/BFb0018355},
  publisher={Springer Berlin Heidelberg},
  author={Filinski, A.},
  pages={224-249}
}


@article{Rauszer:1974,
	Author = {C. Rauszer},
	Journal = {Fundamenta Mathematicae},
	Pages = {219-249},
	Title = {Semi-Boolean algebras and their applications to intuitionistic logic with dual operations,},
	Volume = {83},
	Year = {1974}}

@misc{Coquand:1996,
	Author = {C. Coquand},
	Title = {A normalization proof for Martin-L{\"o}f's type theory},
	Year = {1996}}

@unpublished{Danielsson:2009,
	Author = {N. A. Danielsson and T. Altenkirch},
	Title = {Mixing Induction and Coinduction},
	Year = {2009}}

@Book{Mi00,
title = {{A Short Introduction to Intuitionistic Logic}},
author = "G. Mints",
year = "2000",
publisher = "Kluwer Academic / Plenum Publishes"}

@incollection{gore00,
year={2000},
booktitle={Automated Reasoning with Analytic Tableaux and Related Methods (TABLEAUX)},
editor={Dyckhoff, R.},
title={{Dual Intuitionistic Logic Revisited}},
publisher={Springer},
author={Goré, R.},
pages={252-267}
}
                  
                  @article{crolard01,
  author    = {T. Crolard},
  title     = {Subtractive logic},
  journal   = {Theor. Comput. Sci.},
  volume    = {254},
  number    = {1-2},
  year      = {2001},
  pages     = {151-185},
}

                  @inproceedings{kimura+09,
  author    = {D. Kimura and M. Tatsuta},
  title     = {{Dual Calculus with Inductive and Coinductive Types}},
  year      = {2009},
  pages     = {224-238},
  editor    = {R. Treinen},
  booktitle     = {Rewriting Techniques and Applications (RTA)},
}


                  @inproceedings{Rehof:1994,
	Author = {J. Rehof and M. S{\o}rensen},
	Booktitle = {Proceedings of the International Conference on Theoretical Aspects of Computer Software (TACS)},
	Pages = {516--542},
	Title = {{The Lambda-Delta-calculus}},
	Year = {1994},
}

                  @inproceedings{abel+13,
 author = {Abel, A. and Pientka, B. and Thibodeau, D. and Setzer, A.},
 title = {Copatterns: programming infinite structures by observations},
 booktitle = {Proceedings of the 40th annual ACM SIGPLAN-SIGACT symposium on Principles of Programming Languages (POPL)},
 year = {2013},
 pages = {27--38},
 publisher = {ACM},
} 

@inproceedings{Curien:2000,
	Author = {P. Curien and H. Herbelin},
	Booktitle = {Proceedings of the fifth ACM SIGPLAN International Conference on Functional Programming (ICFP)},
	Pages = {233--243},
	Publisher = {ACM},
	Title = {The duality of computation},
	Year = {2000}}

@article{mitchell+91,
title = "Kripke-style models for typed lambda calculus ",
journal = "Annals of Pure and Applied Logic ",
volume = "51",
number = "1–2",
pages = "99 - 124",
year = "1991",
author = "J. C. Mitchell and E. Moggi"
}


@incollection{Pinto:2009,
	Author = {Pinto, L. and Uustalu, T.},
	Booktitle = {Automated Reasoning with Analytic Tableaux and Related Methods},
	Editor = {Giese, M. and Waaler, A.},
	Pages = {295-309},
	Publisher = {Springer Berlin Heidelberg},
	Series = {Lecture Notes in Computer Science},
	Title = {Proof Search and Counter-Model Construction for Bi-intuitionistic Propositional Logic with Labelled Sequents},
	Volume = {5607},
	Year = {2009}}
                  
@article{krivine09,
author="J. Krivine",
title="Realizability in classical logic",                  
journal="Panoramas et synth\`eses",
note="Interactive models of computation and program behaviour.  Soci\'et\'e Math\'ematique de France",
volume="27",
pages="197--229",
year=2009}
                  
@book{gtl90,
author = "J.-Y. Girard and Y. Lafont and P. Taylor",
year = 1990,
publisher = "Cambridge University Press",
title={{Proofs and Types}}}

@ARTICLE{nipkow91,
title={{Higher-Order Critical Pairs}},
author={T. Nipkow},
journal={Proceedings of Sixth Annual IEEE Symposium on Logic in Computer Science},
year={1991},
pages={342-349}}

@article{Danner:1999,
	Address = {New York, NY, USA},
	Author = {N. Danner and D. Leivant},
	Doi = {http://dx.doi.org/10.1017/S0960129599002868},
	Issn = {0960-1295},
	Journal = {Mathematical. Structures in Comp. Sci.},
	Number = {4},
	Pages = {507--522},
	Publisher = {Cambridge University Press},
	Title = {Stratified polymorphism and primitive recursion},
	Volume = {9},
	Year = {1999}}

@techreport{Pfenning:1992,
	Address = {Pittsburgh, PA, USA},
	Author = {F. Pfenning},
	Institution = {Carnegie Mellon University},
	Publisher = {Carnegie Mellon University},
	Source = {http://www.ncstrl.org:8900/ncstrl/servlet/search?formname=detail\&id=oai%3Ancstrlh%3Acmucs%3ACMU%2F%2FCS-92-105},
	Title = {On the Undecidability of Partial Polymorphic Type Reconstruction},
	Year = {1992}}

@inproceedings{Pfenning:1995,
	Address = {Washington, DC, USA},
	Author = {F. Pfenning},
	Booktitle = {LICS '95: Proceedings of the 10th Annual IEEE Symposium on Logic in Computer Science},
	Isbn = {0-8186-7050-6},
	Pages = {156},
	Publisher = {IEEE Computer Society},
	Title = {Structural Cut Elimination},
	Year = {1995}}

@article{Prawitz:2006,
	Author = {D. Prawitz},
	Issn = {0039-7857},
	Journal = {Synthese},
	Number = {3},
	Pages = {507-524},
	Publisher = {Springer},
	Title = {Meaning Approached Via Proofs},
	Volume = {148},
	Year = {2006}}

@inproceedings{sheard06,
author="T. Sheard",
title={{Type-Level Computation Using Narrowing in $\Omega$mega}},
booktitle="Programming Languages meets Program Verification",
year=2006,
editors="A. Stump and H. Xi"}
                  
@inproceedings{chenxi05,
author = "C. Chen and H. Xi",
title = {{Combining Programming with Theorem Proving}},
booktitle = "Proceedings of the 10th International Conference on Functional Programming (ICFP05)",
year = "2005",
month = "September",
address = "Tallinn, Estonia"}

@inproceedings{guru08,
title={{Verified Programming in Guru}},
author="A. Stump and M. Deters and A. Petcher and T. Schiller and T. Simpson",
booktitle={{Programming Languages meets Program Verification}},
editor="T. Altenkirch and T. Millstein",
note="to appear",
year=2008}

@InProceedings{conf/tldi/SulzmannCJD07,
  title =       "System {F} with type equality coercions",
  author =      "M. Sulzmann and M. Chakravarty and S. Peyton Jones and K. Donnelly",
  bibdate =     "2007-01-22",
  bibsource =   "DBLP,
                 http://dblp.uni-trier.de/db/conf/tldi/tldi2007.html#SulzmannCJD07",
  booktitle =   "Proceedings of {TLDI}'07: 2007 {ACM} {SIGPLAN}
                 International Workshop on Types in Languages Design and
                 Implementation, Nice, France, January 16, 2007",
  publisher =   "ACM",
  year =        "2007",
  editor =      "F. Pottier and G. C. Necula",
  ISBN =        "1-59593-393-X",
  pages =       "53--66",
  URL =         "http://doi.acm.org/10.1145/1190315.1190324",
}

@article{tatsuta+05,
author="M. Tatsuta and G. Mints",
title="A simple proof of second-order strong normalization with permutative conversions",
journal={{Annals of Pure and Applied Logic}},
volume=136,
year=2005,
pages={134--155}}


@INPROCEEDINGS{barendregt92,
    author = {H. Barendregt},
    editor = {S. Abramsky and D. Gabbay and T. Maibaum},
    title = {Lambda Calculi with Types},
    booktitle = {Handbook of Logic in Computer Science},
    year = {1992},
    pages = {117--309},
    publisher = {Oxford University Press}
}

@book{nps90,
title={{Programming in Martin-L\"{o}f's Type Theory}},
author={B. Nordstr\"{o}m and K. Petersson and J. Smith},
publisher="Oxford University Press",
year=1990}


@inproceedings{hofmann+94,
  author    = {M. Hofmann and
               T. Streicher},
  title     = {{The Groupoid Model Refutes Uniqueness of Identity Proofs}},
  booktitle = {Ninth Annual IEEE Symposium on Logic in Computer
               Science (LICS)},
  pages     = {208-212},
  publisher = {IEEE Computer Society},
  year      = {1994},
}

@article{mcbride+04,
author="C. McBride and J. McKinna",
title={{The View from the Left}},
journal="Journal of Functional Programming",
year=2004,
volume=14,
number=1}

@inproceedings{stump+09,
title={{Verified Programming in Guru}},
author="A. Stump and M. Deters and A. Petcher and T. Schiller and T. Simpson",
booktitle="Programming Languges meets Program Verification (PLPV)",
editor="T. Altenkirch and T. Millstein",
year=2009}

@inproceedings{ccasin:popl14,
  author = {C. Casinghino and V. Sj\"{o}berg and S. Weirich},
  title = {Combining Proofs and Programs in a Dependently Typed Langauge},
  booktitle = {POPL '14},
  year = {2014},
  pdf = {papers/combining-TR.pdf},
  code = {papers/combining-coq.tgz}
}

@misc{Shan:2006,
       author= {C. Shan},
       title={Higher-order modules in System F$\omega$ and Haskell},
       year={2006},
       note = {Online; accessed 08-16-13},
       howpublished = {http://www.cs.rutgers.edu/~ccshan/xlate/xlate.pdf}}

@article{Dreyer:2010,
	Author    = {D. Dreyer and A. Ahmed and L. Birkedal},
	Title     = {Logical Step-Indexed Logical Relations},
        Journal   = {Logical Methods in Computer Science},
        Volume    = {7},
        Number    = {2},
        Year      = {2011}}
                  
@inproceedings{Casinghino:2012,
	Annote = {The authors cover using step index logical relations to prove normalization of a new type system.  The new type system is a simply typed version of a collapsed syntax PTS with recursive types.  They use modal operators to distinguish the logical fragement of their type theory from the programmatic fragment.},
	Author = {C. Casinghino and V. Sj\"{o}berg and S. Weirich},
	Booktitle = {MSFP '12},
	Date-Added = {2012-05-31 12:01:25 -0500},
	Date-Modified = {2012-05-31 12:04:08 -0500},
	Pdf = {papers/msfp12log.pdf},
	Read = {1},
	Title = {Step-Indexed Normalization for a Language with General Recursion},
	Year = 2012,
	Bdsk-File-1 = {YnBsaXN0MDDUAQIDBAUIJidUJHRvcFgkb2JqZWN0c1gkdmVyc2lvblkkYXJjaGl2ZXLRBgdUcm9vdIABqAkKFRYXGyIjVSRudWxs0wsMDQ4RFFpOUy5vYmplY3RzV05TLmtleXNWJGNsYXNzog8QgASABqISE4ACgAOAB1lhbGlhc0RhdGFccmVsYXRpdmVQYXRo0hgNGRpXTlMuZGF0YU8RAcgAAAAAAcgAAgAADE1hY2ludG9zaCBIRAAAAAAAAAAAAAAAAAAAAMe4bklIKwAAAA/xIRJDYXNpbmdoaW5vMjAxMi5wZGYAAAAAAAAAAAAAAAAAAAAAAAAAAAAAAAAAAAAAAAAAAAAAAAAAAAAAAAAAAAAHKgRcy+0OLgAAAAAAAAAAAAEAAgAACSAAAAAAAAAAAAAAAAAAAAAKcmVmZXJlbmNlcwAQAAgAAMe4wqkAAAARAAgAAMvtVH4AAAABABgAD/EhAA/xHgAP0GYACEn7AAhJ7gAAkjsAAgBOTWFjaW50b3NoIEhEOlVzZXJzOmhkZTpEb2N1bWVudHM6c2Nob29sOlJlc2VhcmNoOnJlZmVyZW5jZXM6Q2FzaW5naGlubzIwMTIucGRmAA4AJgASAEMAYQBzAGkAbgBnAGgAaQBuAG8AMgAwADEAMgAuAHAAZABmAA8AGgAMAE0AYQBjAGkAbgB0AG8AcwBoACAASABEABIAQVVzZXJzL2hkZS9Eb2N1bWVudHMvc2Nob29sL1Jlc2VhcmNoL3JlZmVyZW5jZXMvQ2FzaW5naGlubzIwMTIucGRmAAATAAEvAAAVAAIACv//AACABdIcHR4fWCRjbGFzc2VzWiRjbGFzc25hbWWjHyAhXU5TTXV0YWJsZURhdGFWTlNEYXRhWE5TT2JqZWN0XxASQ2FzaW5naGlubzIwMTIucGRm0hwdJCWiJSFcTlNEaWN0aW9uYXJ5EgABhqBfEA9OU0tleWVkQXJjaGl2ZXIACAARABYAHwAoADIANQA6ADwARQBLAFIAXQBlAGwAbwBxAHMAdgB4AHoAfACGAJMAmACgAmwCbgJzAnwChwKLApkCoAKpAr4CwwLGAtMC2AAAAAAAAAIBAAAAAAAAACgAAAAAAAAAAAAAAAAAAALq}}

@article{Acar:2008,
	Author = {U. Acar and A. Ahmed and M. Blume},
	Date-Added = {2010-12-05 23:07:52 -0600},
	Date-Modified = {2010-12-05 23:11:15 -0600},
	Publisher = {POPL},
	Title = {Imperative self-adjusting computation},
	Year = {2008}}

@article{Ahmed:2009,
	Author = {A. Ahmed and D. Dreyer and A. Rossberg},
	Date-Added = {2010-12-05 23:10:16 -0600},
	Date-Modified = {2010-12-05 23:11:05 -0600},
	Journal = {POPL},
	Title = {State-dependent representation independence},
	Year = {2009}}

@article{Neis:2009,
	Author = {G. Neis and D. Dreyer and A. Rossberg.},
	Date-Added = {2010-12-05 23:11:36 -0600},
	Date-Modified = {2010-12-05 23:12:42 -0600},
	Journal = {ICFP},
	Title = {Non-parametric parametricity},
	Year = {2009}}

@techreport{Vytiniotis:2009,
	Author = {D. Vytiniotis and V. Koutavas},
	Date-Added = {2010-06-22 20:54:01 -0500},
	Date-Modified = {2010-06-22 20:56:27 -0500},
	Institution = {Microsoft Research},
	Month = {March},
	Number = {MSR-TR-2009-25},
	Title = {Relating step-indexed logical relations and bisimulations},
	Year = {2009}}

@article{Sumii:2003,
 author = {E. Sumii and B. Pierce},
 title = {Logical relation for encryption},
 journal = {J. Comput. Secur.},
 issue_date = {July 2003},
 volume = {11},
 number = {4},
 month = jul,
 year = {2003},
 issn = {0926-227X},
 pages = {521--554},
 numpages = {34},
 url = {http://dl.acm.org/citation.cfm?id=959088.959091},
 acmid = {959091},
 publisher = {IOS Press},
 address = {Amsterdam, The Netherlands, The Netherlands},
} 

@book{Pierce:2004,
 author = {B. Pierce},
 title = {Advanced Topics in Types and Programming Languages},
 year = {2004},
 isbn = {0262162288},
 publisher = {The MIT Press},
} 
                  
@incollection {Pitts:1998,
   author = {A. Pitts},
   affiliation = {Cambridge University Computer Laboratory Pembroke Street CB2 3QG Cambridge UK Pembroke Street CB2 3QG Cambridge UK},
   title = {Existential types: Logical relations and operational equivalence},
   booktitle = {Automata, Languages and Programming},
   series = {Lecture Notes in Computer Science},
   editor = {Larsen, K. and Skyum, S. and Winskel, G.},
   publisher = {Springer Berlin / Heidelberg},
   isbn = {978-3-540-64781-2},
   keyword = {Computer Science},
   pages = {309-326},
   volume = {1443},
   url = {http://dx.doi.org/10.1007/BFb0055063},
   note = {10.1007/BFb0055063},
   year = {1998}
}
                  .
@article{Sorensen:1997,
	Author = {M. Sorensen},
	Date-Added = {2012-01-12 15:04:59 -0600},
	Date-Modified = {2012-08-14 12:32:31 -0400},
	Journal = {Information and Computation},
	Pages = {35--71},
	Read = {1},
	Title = {Strong normalization from weak normalization in typed lambda-calculi},
	Volume = {133},
	Year = {1997},
	Bdsk-File-1 = {YnBsaXN0MDDUAQIDBAUIJidUJHRvcFgkb2JqZWN0c1gkdmVyc2lvblkkYXJjaGl2ZXLRBgdUcm9vdIABqAkKFRYXGyIjVSRudWxs0wsMDQ4RFFpOUy5vYmplY3RzV05TLmtleXNWJGNsYXNzog8QgASABqISE4ACgAOAB1lhbGlhc0RhdGFccmVsYXRpdmVQYXRo0hgNGRpXTlMuZGF0YU8RAcAAAAAAAcAAAgAADE1hY2ludG9zaCBIRAAAAAAAAAAAAAAAAAAAAMe4bklIKwAAAA/xIRBTb3JlbnNlbjE5OTcucGRmAAAAAAAAAAAAAAAAAAAAAAAAAAAAAAAAAAAAAAAAAAAAAAAAAAAAAAAAAAAAAAAGqE0eyzSnMwAAAAAAAAAAAAEAAgAACSAAAAAAAAAAAAAAAAAAAAAKcmVmZXJlbmNlcwAQAAgAAMe4wqkAAAARAAgAAMs0+5MAAAABABgAD/EhAA/xHgAP0GYACEn7AAhJ7gAAkjsAAgBMTWFjaW50b3NoIEhEOlVzZXJzOmhkZTpEb2N1bWVudHM6c2Nob29sOlJlc2VhcmNoOnJlZmVyZW5jZXM6U29yZW5zZW4xOTk3LnBkZgAOACIAEABTAG8AcgBlAG4AcwBlAG4AMQA5ADkANwAuAHAAZABmAA8AGgAMAE0AYQBjAGkAbgB0AG8AcwBoACAASABEABIAP1VzZXJzL2hkZS9Eb2N1bWVudHMvc2Nob29sL1Jlc2VhcmNoL3JlZmVyZW5jZXMvU29yZW5zZW4xOTk3LnBkZgAAEwABLwAAFQACAAr//wAAgAXSHB0eH1gkY2xhc3Nlc1okY2xhc3NuYW1lox8gIV1OU011dGFibGVEYXRhVk5TRGF0YVhOU09iamVjdF8QEFNvcmVuc2VuMTk5Ny5wZGbSHB0kJaIlIVxOU0RpY3Rpb25hcnkSAAGGoF8QD05TS2V5ZWRBcmNoaXZlcgAIABEAFgAfACgAMgA1ADoAPABFAEsAUgBdAGUAbABvAHEAcwB2AHgAegB8AIYAkwCYAKACZAJmAmsCdAJ/AoMCkQKYAqECtAK5ArwCyQLOAAAAAAAAAgEAAAAAAAAAKAAAAAAAAAAAAAAAAAAAAuA=}}

@article{Leroy:2009,
  author = {X. Leroy},
  title = {Formal verification of a realistic compiler},
  journal = {Communications of the ACM},
  year = 2009,
  volume = 52,
  number = 7,
  pages = {107--115},
  url = {http://gallium.inria.fr/~xleroy/publi/compcert-CACM.pdf},
  urlpublisher = {http://doi.acm.org/10.1145/1538788.1538814},
  hal = {http://hal.archives-ouvertes.fr/inria-00415861/},
  pubkind = {journal-int-mono},
  abstract = {This paper reports on the development and formal
                  verification (proof of semantic preservation) of
                  CompCert, a compiler from Clight (a large subset of
                  the C programming language) to PowerPC assembly
                  code, using the Coq proof assistant both for
                  programming the compiler and for proving its
                  correctness.  Such a verified compiler is useful in
                  the context of critical software and its formal
                  verification: the verification of the compiler
                  guarantees that the safety properties proved on the
                  source code hold for the executable compiled code as
                  well.}
}
                  
@online{Eades:2011,
 author={H. Eades and A. Stump},
 title={Using the Hereditary Substitution Function in Normalization Proofs},
 year={2011},
 url = {http://homepage.cs.uiowa.edu/~heades/papers/qual_companion_report.pdf}}                  

@unpublished{Gonthier:2005,
 author={G. Gonthier},
 title={A computer-checked proof of the Four Colour Theorem},
 year={2005}}                  

@inproceedings{Xi:2003,
 author = {H. Xi and C. Chen and G. Chen},
 title = {Guarded recursive datatype constructors},
 booktitle = {Proceedings of the 30th ACM SIGPLAN-SIGACT symposium on Principles of programming languages},
 series = {POPL '03},
 year = {2003},
 isbn = {1-58113-628-5},
 location = {New Orleans, Louisiana, USA},
 pages = {224--235},
 numpages = {12},
 url = {http://doi.acm.org/10.1145/604131.604150},
 doi = {10.1145/604131.604150},
 acmid = {604150},
 publisher = {ACM},
 address = {New York, NY, USA},
 keywords = {guarded recursive datatype constructors},
}
                  
@inproceedings{Brady:2011,
 author = {E. Brady},
 title = {IDRIS ---: systems programming meets full dependent types},
 booktitle = {Proceedings of the 5th ACM workshop on Programming languages meets program verification},
 series = {PLPV '11},
 year = {2011},
 isbn = {978-1-4503-0487-0},
 location = {Austin, Texas, USA},
 pages = {43--54},
 numpages = {12},
 url = {http://doi.acm.org/10.1145/1929529.1929536},
 doi = {10.1145/1929529.1929536},
 acmid = {1929536},
 publisher = {ACM},
 address = {New York, NY, USA},
 keywords = {data description, dependent types},
}                   

@phdthesis{Brede:2009,
	Author = {N. Brede},
	School = {University of Potsdam},
	Title = {lambda-mu-PRL - A Proof Refinement Calculus for Classical Reasoning in Computational Type Theory},
	Year = {2009}}
                  
@unpublished{Levy:2001,
	Author = {P. Levy},
	Title = {Martin-L\"of Clashes with Griffin, Operationally},
	Year = {2001}}

@inproceedings{Herbelin:2005,
	Author = {H. Herbelin},
	Booktitle = {Typed Lambda Calculi and Applications, 7th International Conference, TLCA 2005, Nara, Japan, April 21-23, 2005, Proceedings},
	Editor = {P. Urzyczyn},
	Pages = {209--220},
	Publisher = {Springer},
	Series = {LNCS},
	Title = {On the Degeneracy of $\Sigma$-types in the Presence of Computational Classical Logic},
	Volume = {3461},
	Year = {2005}}
                  

@article{Barthe:1997,
	Author = {G. Barthe and J. Hatcliff and M. S{\o}rensen},
	Journal = {Electronic Notes in Theoretical Computer Science},
	Pages = {4--59},
	Title = {A notion of classical pure type system (preliminary version)},
	Volume = {6},
	Year = {1997}}                  

@ARTICLE{Awodey:2010,
   AUTHOR  = {S. Awodey},
   TITLE   = {Type Theory and Homotopy},
   YEAR    = {2010},
   JOURNAL = {Preprint}}
                  
@phdthesis{Streicher:1993,
  title={Investigations Into Intensional Type Theory},
  author={T. Streicher},
  year={1993},
  school={Habilitation- sschrift, Ludwig-Maximilians-Universit\"at M\"uchen},
  month={November}}
                    
                  
@book{Streicher:1991,
  title={Semantics of Type Theory: Correctness, Completeness, and Independence Results},
  author={T. Streicher},
  isbn={9783764335946},
  lccn={lc91026116},
  series={Progress in theoretical computer science},
  url={http://books.google.com/books?id=xKBQG6-w7CcC},
  year={1991},
  publisher={Birkh{\"a}user}
}
                  
@book{Hofmann:1995,
  title={Extensional Concepts in Intensional Type Theory},
  author={H. Hofmann},
  series={Thesis},
  url={http://books.google.com/books?id=HK3xtgAACAAJ},
  year={1995},
  publisher={University of Edinburgh, Department of Computer Science}
}
                  
@incollection{Hofmann:1998,
	Address = {New York},
	Author = {M. Hofmann and T. Streicher},
	Booktitle = {Twenty-five years of constructive type theory ({V}enice, 1995)},
	Pages = {83--111},
	Publisher = {Oxford Univ. Press},
	Series = {Oxford Logic Guides},
	Title = {The groupoid interpretation of type theory},
	Volume = {36},
	Year = {1998}}
                  
@incollection {DeBruijn:1970,
   author = {N. De Bruijn},
   title = {The mathematical language AUTOMATH, its usage, and some of its extensions},
   booktitle = {Symposium on Automatic Demonstration},
   series = {Lecture Notes in Mathematics},
   editor = {Laudet, M. and Lacombe, D. and Nolin, L. and Schützenberger, M.},
   publisher = {Springer Berlin / Heidelberg},
   isbn = {978-3-540-04914-2},
   keyword = {Mathematics and Statistics},
   pages = {29-61},
   volume = {125},
   url = {http://dx.doi.org/10.1007/BFb0060623},
   note = {10.1007/BFb0060623},
   year = {1970}
}

@article{Selinger:2001,
	Author = {P. Selinger},
	Journal = {Mathematical Structures in Computer Science},
	Number = {02},
	Pages = {207--260},
	Title = {Control categories and duality: on the categorical semantics of the lambda-mu calculus},
	Volume = {11},
	Year = {2001}}
                                    
@article{Geuvers:2012,
	Author = {H. Geuvers and R. Krebbers and J. McKinna},
	Journal = {Annals of Pure and Applied Logic},
	Title = {The Lambda-Mu-T-calculus.},
	Year = {2012}}

@book{Crole:1994,
  title={Categories for Types},
  author={R. Crole},
  isbn={9780521457019},
  lccn={94184387},
  series={Cambridge Mathematical Textbooks},
  url={http://books.google.com/books?id=mHptq6sqJRIC},
  year={1994},
  publisher={Cambridge University Press}
}

@book{Pierce:1991,
  title={Basic Category Theory for Computer Scientists},
  author={B. Pierce},
  isbn={9780262660716},
  lccn={91008489},
  series={Foundations of Computing},
  url={http://books.google.com/books?id=ezdeaHfpYPwC},
  year={1991},
  publisher={MIT Press}
}

@book{Gunter:1992,
  title={Semantics of Programming Languages: Structures and Techniques},
  author={C. Gunter},
  isbn={9780262570954},
  lccn={92010172},
  series={Foundations of Computing},
  url={http://books.google.com/books?id=Gu2wh2TqVcUC},
  year={1992},
  publisher={MIT Press}
}

@book{Lawvere:2009,
  title={Conceptual Mathematics: A First Introduction to Categories},
  author={F. Lawvere and S. Schanuel},
  isbn={9780521719162},
  lccn={2007043671},
  series={Conceptual Mathematics: A First Introduction to Categories},
  url={http://books.google.com/books?id=ZCyqPwAACAAJ},
  year={2009},
  publisher={Cambridge University Press}
}
                  
@inbook{Troelstra:1991,
author = {A. Troelstra},
title = {History of constructivism in the 20th century},
bookTitle = {Set Theory, Arithmetic, and Foundations of Mathematics},
publisher = {ITLI Prepublication Series ML-91-05},
year = {1991},
url = {http://dx.doi.org/10.1017/CBO9780511910616}
}               

@book{Sorensen:2006,
  title={Lectures on the Curry-Howard Isomorphism},
  author={M. S{\o}rensen and P. Urzyczyn},
  number={v. 10},
  isbn={9780444520777},
  lccn={2006048390},
  series={Studies in Logic and the Foundations of Mathematics},
  url={http://books.google.com/books?id=shI4CkUyv3YC},
  year={2006},
  publisher={Elsevier Science}
}


@booklet{Collision:2004,
title={Investigation Report},
author={The German Federal Bureau of Aircraft Accidents},
year=2004}

@booklet{nist02,
title={{The Economic Impacts of Inadequate Infrastructure for Software Testing}},
author={{Research Triangle Institute}},
note={{Sponsored by the Department of Commerce's National Institute of Standards and Technology}},
year=2002}                  

@booklet{fbi05,
title={{2005 FBI Computer Crime Survey}},
author={{United States Federal Bureau of Investigation}}}
                  
@ONLINE{Consumer:2010,
author = {blogs.consumerreports.org},
title = {Consumer Reports Cars Blog: Japan investigates reports of Prius brack problem},
month = April,
year = {2010},
url = {http://blogs.consumerreports.org/cars/2010/02/japan-investigates-reports-of-prius-brake-problem.html}
}
       
@online{thedetroitbureau.com:2009,
        Author = {thedetroitbureau.com},
        Title = {NHTSA memo on regenerative braking},
        Month = {April},
        Year = {2011},
        Url = {http://www.thedetroitbureau.com/2009/12/nhtsa-tracking-braking-loss-on-prius-hybrids/}
}
         
@online{Reuters:2009,
        Author = {Reuters},
        Title = {Toyota to recall 436,00 hybrids globally-document},
        Month = {February},
        Year = {2010},
        Url = {http://af.reuters.com/article/metalsNews/idAFTKG00664220100209}
}

@INPROCEEDINGS{DBLP:conf/fm/PlatzerC09,
  author    = {A. Platzer and
               C. Edmund},
  title     = {Formal Verification of Curved Flight 
               Collision Avoidance Maneuvers:
               A Case Study},
  booktitle = {FM},
  year      = {2009},
  pages     = {547-562},
  doi       = {10.1007/978-3-642-05089-3_35},
  editor    = {A. Cavalcanti and
               D. Dams},
  longbooktitle = {FM 2009: Formal Methods, 16th 
               International Symposium on Formal Methods,
               Eindhoven, Netherlands, November 2-6, 2009,
               Proceedings},
  publisher = {Springer},
  series    = {LNCS},
  volume    = {5850},
  keywords  = {formal verification of hybrid systems, 
               deduction, air traffic control,
               logic for hybrid systems},
  abstract  = {    
    Aircraft collision avoidance maneuvers are important
    and complex applications. Curved flight exhibits
    nontrivial continuous behavior. In combination with the
    control choices during air traffic maneuvers, this
    yields hybrid systems with challenging interactions of
    discrete and continuous dynamics. As a case study
    illustrating the use of a new proof assistant for a
    logic for nonlinear hybrid systems, we analyze
    collision freedom of roundabout maneuvers in air
    traffic control, where appropriate curved flight, good
    timing, and compatible maneuvering are crucial for
    guaranteeing safe spatial separation of aircraft
    throughout their flight. We show that formal
    verification of hybrid systems can scale to curved
    flight maneuvers required in aircraft control
    applications. We introduce a fully flyable variant of
    the roundabout collision avoidance maneuver and verify
    safety properties by compositional verification.}    
}

@book{Troelstra:2000,
	Address = {New York, NY, USA},
	Author = {A. Troelstra and H. Schwichtenberg},
	Date-Added = {2012-02-27 10:12:13 -0600},
	Date-Modified = {2012-02-27 10:12:31 -0600},
	Isbn = {0-521-77911-1},
	Publisher = {Cambridge University Press},
	Title = {Basic proof theory (2nd ed.)},
	Year = {2000}}

@incollection{Tait:1965,
	Author = {W. Tait},
	Booktitle = {Formal Systems and Recursive Functions},
	Date-Added = {2012-02-27 08:56:23 -0600},
	Date-Modified = {2012-02-27 08:59:24 -0600},
	Doi = {10.1016/S0049-237X(08)71689-6},
	Editor = {J.N. Crossley and M.A.E. Dummett},
	Issn = {0049-237X},
	Pages = {176 - 185},
	Publisher = {Elsevier},
	Series = {Studies in Logic and the Foundations of Mathematics},
	Title = {Infinitely Long Terms of Transfinite Type},
	Url = {http://www.sciencedirect.com/science/article/pii/S0049237X08716896},
	Volume = {40},
	Year = {1965}}

@article{Lambek:1980,
	Date-Added = {2012-02-26 19:36:21 -0600},
	Date-Modified = {2012-02-26 19:37:44 -0600},
	Editor = {J. Seldin and J. Hindley},
	Journal = {To H. B. Curry: Essays on Combinatory Logic, Lambda Calculus and Formalism},
	Pages = {376-402},
	Publisher = {Academic Press},
	Title = {From lambda calculus to Cartesian closed categories},
	Year = {1980}}

@article{Levy:1976,
	Author = {J. L{\'e}vy},
	Date-Added = {2011-12-12 16:49:02 -0600},
	Date-Modified = {2011-12-12 16:49:42 -0600},
	Doi = {10.1016/0304-3975(76)90009-8},
	Issn = {0304-3975},
	Journal = {Theoretical Computer Science},
	Number = {1},
	Pages = {97 - 114},
	Title = {An algebraic interpretation of the $\lambda\beta\kappa$-calculus; and an application of a labelled $\lambda$-calculus},
	Volume = {2},
	Year = {1976},
	Bdsk-File-1 = {YnBsaXN0MDDUAQIDBAUIJidUJHRvcFgkb2JqZWN0c1gkdmVyc2lvblkkYXJjaGl2ZXLRBgdUcm9vdIABqAkKFRYXGyIjVSRudWxs0wsMDQ4RFFpOUy5vYmplY3RzV05TLmtleXNWJGNsYXNzog8QgASABqISE4ACgAOAB1lhbGlhc0RhdGFccmVsYXRpdmVQYXRo0hgNGRpXTlMuZGF0YU8RAbAAAAAAAbAAAgAADE1hY2ludG9zaCBIRAAAAAAAAAAAAAAAAAAAAMe4bklIKwAAAA/xIQxMZXZ5MTk3Ni5wZGYAAAAAAAAAAAAAAAAAAAAAAAAAAAAAAAAAAAAAAAAAAAAAAAAAAAAAAAAAAAAAAAAAAAAGczEaywvgdAAAAAAAAAAAAAEAAgAACSAAAAAAAAAAAAAAAAAAAAAKcmVmZXJlbmNlcwAQAAgAAMe4wqkAAAARAAgAAMsMNNQAAAABABgAD/EhAA/xHgAP0GYACEn7AAhJ7gAAkjsAAgBITWFjaW50b3NoIEhEOlVzZXJzOmhkZTpEb2N1bWVudHM6c2Nob29sOlJlc2VhcmNoOnJlZmVyZW5jZXM6TGV2eTE5NzYucGRmAA4AGgAMAEwAZQB2AHkAMQA5ADcANgAuAHAAZABmAA8AGgAMAE0AYQBjAGkAbgB0AG8AcwBoACAASABEABIAO1VzZXJzL2hkZS9Eb2N1bWVudHMvc2Nob29sL1Jlc2VhcmNoL3JlZmVyZW5jZXMvTGV2eTE5NzYucGRmAAATAAEvAAAVAAIACv//AACABdIcHR4fWCRjbGFzc2VzWiRjbGFzc25hbWWjHyAhXU5TTXV0YWJsZURhdGFWTlNEYXRhWE5TT2JqZWN0XExldnkxOTc2LnBkZtIcHSQloiUhXE5TRGljdGlvbmFyeRIAAYagXxAPTlNLZXllZEFyY2hpdmVyAAgAEQAWAB8AKAAyADUAOgA8AEUASwBSAF0AZQBsAG8AcQBzAHYAeAB6AHwAhgCTAJgAoAJUAlYCWwJkAm8CcwKBAogCkQKeAqMCpgKzArgAAAAAAAACAQAAAAAAAAAoAAAAAAAAAAAAAAAAAAACyg==}}

@article{Zenger:1997,
	Author = {C. Zenger},
	Date-Added = {2012-02-22 08:37:59 -0600},
	Date-Modified = {2012-02-22 08:38:31 -0600},
	Doi = {10.1016/S0304-3975(97)00062-5},
	Issn = {0304-3975},
	Journal = {Theoretical Computer Science},
	Keywords = {Constraints},
	Number = {1‚{\"A}{\`\i}2},
	Pages = {147 - 165},
	Title = {Indexed types},
	Url = {http://www.sciencedirect.com/science/article/pii/S0304397597000625},
	Volume = {187},
	Year = {1997},
	Bdsk-File-1 = {YnBsaXN0MDDUAQIDBAUIJidUJHRvcFgkb2JqZWN0c1gkdmVyc2lvblkkYXJjaGl2ZXLRBgdUcm9vdIABqAkKFRYXGyIjVSRudWxs0wsMDQ4RFFpOUy5vYmplY3RzV05TLmtleXNWJGNsYXNzog8QgASABqISE4ACgAOAB1lhbGlhc0RhdGFccmVsYXRpdmVQYXRo0hgNGRpXTlMuZGF0YU8RAbgAAAAAAbgAAgAADE1hY2ludG9zaCBIRAAAAAAAAAAAAAAAAAAAAMe4bklIKwAAAA/xIQ5aZW5nZXIxOTk3LnBkZgAAAAAAAAAAAAAAAAAAAAAAAAAAAAAAAAAAAAAAAAAAAAAAAAAAAAAAAAAAAAAAAAAGzxENy2paEgAAAAAAAAAAAAEAAgAACSAAAAAAAAAAAAAAAAAAAAAKcmVmZXJlbmNlcwAQAAgAAMe4wqkAAAARAAgAAMtqrnIAAAABABgAD/EhAA/xHgAP0GYACEn7AAhJ7gAAkjsAAgBKTWFjaW50b3NoIEhEOlVzZXJzOmhkZTpEb2N1bWVudHM6c2Nob29sOlJlc2VhcmNoOnJlZmVyZW5jZXM6WmVuZ2VyMTk5Ny5wZGYADgAeAA4AWgBlAG4AZwBlAHIAMQA5ADkANwAuAHAAZABmAA8AGgAMAE0AYQBjAGkAbgB0AG8AcwBoACAASABEABIAPVVzZXJzL2hkZS9Eb2N1bWVudHMvc2Nob29sL1Jlc2VhcmNoL3JlZmVyZW5jZXMvWmVuZ2VyMTk5Ny5wZGYAABMAAS8AABUAAgAK//8AAIAF0hwdHh9YJGNsYXNzZXNaJGNsYXNzbmFtZaMfICFdTlNNdXRhYmxlRGF0YVZOU0RhdGFYTlNPYmplY3ReWmVuZ2VyMTk5Ny5wZGbSHB0kJaIlIVxOU0RpY3Rpb25hcnkSAAGGoF8QD05TS2V5ZWRBcmNoaXZlcgAIABEAFgAfACgAMgA1ADoAPABFAEsAUgBdAGUAbABvAHEAcwB2AHgAegB8AIYAkwCYAKACXAJeAmMCbAJ3AnsCiQKQApkCqAKtArACvQLCAAAAAAAAAgEAAAAAAAAAKAAAAAAAAAAAAAAAAAAAAtQ=}}

@book{Schmidt:1994,
	Address = {Cambridge, MA, USA},
	Author = {D. Schmidt},
	Date-Added = {2012-02-22 06:39:47 -0600},
	Date-Modified = {2012-02-22 06:40:01 -0600},
	Isbn = {0262193493},
	Publisher = {MIT Press},
	Title = {The Structure of Typed Programming Languages},
	Year = {1994}}

@incollection{Martin:1994,
	Author = {P. Martin-L{\"o}f},
	Booktitle = {Kant and Contemporary Epistemology},
	Date-Added = {2012-02-19 20:35:48 -0600},
	Date-Modified = {2012-02-19 20:35:55 -0600},
	Editor = {Parrini, P. and Demopoulos, W. and Devidi, D. and Disalle, R. and Myrvold, W.},
	Isbn = {978-94-011-0834-8},
	Keyword = {Humanities, Social Sciences and Law},
	Pages = {87-99},
	Publisher = {Springer Netherlands},
	Series = {The Western Ontario Series in Philosophy of Science},
	Title = {Analytic and Synthetic Judgements in Type Theory},
	Url = {http://dx.doi.org/10.1007/978-94-011-0834-8_5},
	Volume = {54},
	Year = {1994}}

@proceedings{Martin:1982,
	Address = { North-Holland, Amsterdam.},
	Author = {P. Martin-L\"of},
	Date-Added = {2012-02-19 20:31:21 -0600},
	Date-Modified = {2012-02-19 20:33:28 -0600},
	Editor = {P. Martin-L\"of.  Cohen et al.},
	Journal = {In Logic, Methodology and Philosophy of Science},
	Pages = {153--175},
	Title = {Constructive mathematics and computer programming},
	Volume = {1},
	Year = {1982},
	Bdsk-File-1 = {YnBsaXN0MDDUAQIDBAUIJidUJHRvcFgkb2JqZWN0c1gkdmVyc2lvblkkYXJjaGl2ZXLRBgdUcm9vdIABqAkKFRYXGyIjVSRudWxs0wsMDQ4RFFpOUy5vYmplY3RzV05TLmtleXNWJGNsYXNzog8QgASABqISE4ACgAOAB1lhbGlhc0RhdGFccmVsYXRpdmVQYXRo0hgNGRpXTlMuZGF0YU8RAbgAAAAAAbgAAgAADE1hY2ludG9zaCBIRAAAAAAAAAAAAAAAAAAAAMe4bklIKwAAAA/xIQ5NYXJ0aW4xOTgyLnBkZgAAAAAAAAAAAAAAAAAAAAAAAAAAAAAAAAAAAAAAAAAAAAAAAAAAAAAAAAAAAAAAAAAGzViWy2cNIwAAAAAAAAAAAAEAAgAACSAAAAAAAAAAAAAAAAAAAAAKcmVmZXJlbmNlcwAQAAgAAMe4wqkAAAARAAgAAMtnYYMAAAABABgAD/EhAA/xHgAP0GYACEn7AAhJ7gAAkjsAAgBKTWFjaW50b3NoIEhEOlVzZXJzOmhkZTpEb2N1bWVudHM6c2Nob29sOlJlc2VhcmNoOnJlZmVyZW5jZXM6TWFydGluMTk4Mi5wZGYADgAeAA4ATQBhAHIAdABpAG4AMQA5ADgAMgAuAHAAZABmAA8AGgAMAE0AYQBjAGkAbgB0AG8AcwBoACAASABEABIAPVVzZXJzL2hkZS9Eb2N1bWVudHMvc2Nob29sL1Jlc2VhcmNoL3JlZmVyZW5jZXMvTWFydGluMTk4Mi5wZGYAABMAAS8AABUAAgAK//8AAIAF0hwdHh9YJGNsYXNzZXNaJGNsYXNzbmFtZaMfICFdTlNNdXRhYmxlRGF0YVZOU0RhdGFYTlNPYmplY3ReTWFydGluMTk4Mi5wZGbSHB0kJaIlIVxOU0RpY3Rpb25hcnkSAAGGoF8QD05TS2V5ZWRBcmNoaXZlcgAIABEAFgAfACgAMgA1ADoAPABFAEsAUgBdAGUAbABvAHEAcwB2AHgAegB8AIYAkwCYAKACXAJeAmMCbAJ3AnsCiQKQApkCqAKtArACvQLCAAAAAAAAAgEAAAAAAAAAKAAAAAAAAAAAAAAAAAAAAtQ=}}

@book{Martin:1984,
	Author = {P. Martin-L{\"o}f and G.Sambin},
	Date-Added = {2012-02-19 20:23:01 -0600},
	Date-Modified = {2012-02-19 20:23:20 -0600},
	Publisher = {Bibliopolis},
	Series = {Studies in proof theory},
	Title = {Intuitionistic type theory},
	Year = {1984},
	Bdsk-File-1 = {YnBsaXN0MDDUAQIDBAUIJidUJHRvcFgkb2JqZWN0c1gkdmVyc2lvblkkYXJjaGl2ZXLRBgdUcm9vdIABqAkKFRYXGyIjVSRudWxs0wsMDQ4RFFpOUy5vYmplY3RzV05TLmtleXNWJGNsYXNzog8QgASABqISE4ACgAOAB1lhbGlhc0RhdGFccmVsYXRpdmVQYXRo0hgNGRpXTlMuZGF0YU8RAcgAAAAAAcgAAgAADE1hY2ludG9zaCBIRAAAAAAAAAAAAAAAAAAAAMe4bklIKwAAAA/xIRJNYXJ0aW4tTG9mMTk4NC5wZGYAAAAAAAAAAAAAAAAAAAAAAAAAAAAAAAAAAAAAAAAAAAAAAAAAAAAAAAAAAAAGzVKTy2cK1QAAAAAAAAAAAAEAAgAACSAAAAAAAAAAAAAAAAAAAAAKcmVmZXJlbmNlcwAQAAgAAMe4wqkAAAARAAgAAMtnXzUAAAABABgAD/EhAA/xHgAP0GYACEn7AAhJ7gAAkjsAAgBOTWFjaW50b3NoIEhEOlVzZXJzOmhkZTpEb2N1bWVudHM6c2Nob29sOlJlc2VhcmNoOnJlZmVyZW5jZXM6TWFydGluLUxvZjE5ODQucGRmAA4AJgASAE0AYQByAHQAaQBuAC0ATABvAGYAMQA5ADgANAAuAHAAZABmAA8AGgAMAE0AYQBjAGkAbgB0AG8AcwBoACAASABEABIAQVVzZXJzL2hkZS9Eb2N1bWVudHMvc2Nob29sL1Jlc2VhcmNoL3JlZmVyZW5jZXMvTWFydGluLUxvZjE5ODQucGRmAAATAAEvAAAVAAIACv//AACABdIcHR4fWCRjbGFzc2VzWiRjbGFzc25hbWWjHyAhXU5TTXV0YWJsZURhdGFWTlNEYXRhWE5TT2JqZWN0XxASTWFydGluLUxvZjE5ODQucGRm0hwdJCWiJSFcTlNEaWN0aW9uYXJ5EgABhqBfEA9OU0tleWVkQXJjaGl2ZXIACAARABYAHwAoADIANQA6ADwARQBLAFIAXQBlAGwAbwBxAHMAdgB4AHoAfACGAJMAmACgAmwCbgJzAnwChwKLApkCoAKpAr4CwwLGAtMC2AAAAAAAAAIBAAAAAAAAACgAAAAAAAAAAAAAAAAAAALq}}

@inproceedings{Abel:2006,
	Author = {A. Abel},
	Booktitle = {In Workshop on Mathematically Structured Functional Programming, MSFP},
	Date-Added = {2011-12-12 16:56:16 -0600},
	Date-Modified = {2011-12-12 16:56:26 -0600},
	Title = {Implementing a normalizer using sized heterogeneous types},
	Year = {2006},
	Bdsk-File-1 = {YnBsaXN0MDDUAQIDBAUIJidUJHRvcFgkb2JqZWN0c1gkdmVyc2lvblkkYXJjaGl2ZXLRBgdUcm9vdIABqAkKFRYXGyIjVSRudWxs0wsMDQ4RFFpOUy5vYmplY3RzV05TLmtleXNWJGNsYXNzog8QgASABqISE4ACgAOAB1lhbGlhc0RhdGFccmVsYXRpdmVQYXRo0hgNGRpXTlMuZGF0YU8RAbAAAAAAAbAAAgAADE1hY2ludG9zaCBIRAAAAAAAAAAAAAAAAAAAAMe4bklIKwAAAA/xIQxBYmVsMjAwNi5wZGYAAAAAAAAAAAAAAAAAAAAAAAAAAAAAAAAAAAAAAAAAAAAAAAAAAAAAAAAAAAAAAAAAAAAGczYXywvi0QAAAAAAAAAAAAEAAgAACSAAAAAAAAAAAAAAAAAAAAAKcmVmZXJlbmNlcwAQAAgAAMe4wqkAAAARAAgAAMsMNzEAAAABABgAD/EhAA/xHgAP0GYACEn7AAhJ7gAAkjsAAgBITWFjaW50b3NoIEhEOlVzZXJzOmhkZTpEb2N1bWVudHM6c2Nob29sOlJlc2VhcmNoOnJlZmVyZW5jZXM6QWJlbDIwMDYucGRmAA4AGgAMAEEAYgBlAGwAMgAwADAANgAuAHAAZABmAA8AGgAMAE0AYQBjAGkAbgB0AG8AcwBoACAASABEABIAO1VzZXJzL2hkZS9Eb2N1bWVudHMvc2Nob29sL1Jlc2VhcmNoL3JlZmVyZW5jZXMvQWJlbDIwMDYucGRmAAATAAEvAAAVAAIACv//AACABdIcHR4fWCRjbGFzc2VzWiRjbGFzc25hbWWjHyAhXU5TTXV0YWJsZURhdGFWTlNEYXRhWE5TT2JqZWN0XEFiZWwyMDA2LnBkZtIcHSQloiUhXE5TRGljdGlvbmFyeRIAAYagXxAPTlNLZXllZEFyY2hpdmVyAAgAEQAWAB8AKAAyADUAOgA8AEUASwBSAF0AZQBsAG8AcQBzAHYAeAB6AHwAhgCTAJgAoAJUAlYCWwJkAm8CcwKBAogCkQKeAqMCpgKzArgAAAAAAAACAQAAAAAAAAAoAAAAAAAAAAAAAAAAAAACyg==}}

@inproceedings{Abel:2008,
	Acmid = {1432084},
	Address = {Berlin, Heidelberg},
	Author = {A. Abel and D. Rodriguez},
	Booktitle = {Proceedings of the 22nd international workshop on Computer Science Logic},
	Date-Added = {2011-12-05 10:04:46 -0600},
	Date-Modified = {2011-12-05 10:04:53 -0600},
	Isbn = {978-3-540-87530-7},
	Keywords = {Higher-order subtyping, algorithmic subtyping, bounded quantification, hereditary substitution},
	Location = {Bertinoro, Italy},
	Numpages = {15},
	Pages = {446--460},
	Publisher = {Springer-Verlag},
	Series = {CSL '08},
	Title = {Syntactic Metatheory of Higher-Order Subtyping},
	Year = {2008},
	Bdsk-File-1 = {YnBsaXN0MDDUAQIDBAUIJidUJHRvcFgkb2JqZWN0c1gkdmVyc2lvblkkYXJjaGl2ZXLRBgdUcm9vdIABqAkKFRYXGyIjVSRudWxs0wsMDQ4RFFpOUy5vYmplY3RzV05TLmtleXNWJGNsYXNzog8QgASABqISE4ACgAOAB1lhbGlhc0RhdGFccmVsYXRpdmVQYXRo0hgNGRpXTlMuZGF0YU8RAbAAAAAAAbAAAgAADE1hY2ludG9zaCBIRAAAAAAAAAAAAAAAAAAAAMe4bklIKwAAAA/xIQxBYmVsMjAwOC5wZGYAAAAAAAAAAAAAAAAAAAAAAAAAAAAAAAAAAAAAAAAAAAAAAAAAAAAAAAAAAAAAAAAAAAAGb+wOywJH8AAAAAAAAAAAAAEAAgAACSAAAAAAAAAAAAAAAAAAAAAKcmVmZXJlbmNlcwAQAAgAAMe4wqkAAAARAAgAAMsCnFAAAAABABgAD/EhAA/xHgAP0GYACEn7AAhJ7gAAkjsAAgBITWFjaW50b3NoIEhEOlVzZXJzOmhkZTpEb2N1bWVudHM6c2Nob29sOlJlc2VhcmNoOnJlZmVyZW5jZXM6QWJlbDIwMDgucGRmAA4AGgAMAEEAYgBlAGwAMgAwADAAOAAuAHAAZABmAA8AGgAMAE0AYQBjAGkAbgB0AG8AcwBoACAASABEABIAO1VzZXJzL2hkZS9Eb2N1bWVudHMvc2Nob29sL1Jlc2VhcmNoL3JlZmVyZW5jZXMvQWJlbDIwMDgucGRmAAATAAEvAAAVAAIACv//AACABdIcHR4fWCRjbGFzc2VzWiRjbGFzc25hbWWjHyAhXU5TTXV0YWJsZURhdGFWTlNEYXRhWE5TT2JqZWN0XEFiZWwyMDA4LnBkZtIcHSQloiUhXE5TRGljdGlvbmFyeRIAAYagXxAPTlNLZXllZEFyY2hpdmVyAAgAEQAWAB8AKAAyADUAOgA8AEUASwBSAF0AZQBsAG8AcQBzAHYAeAB6AHwAhgCTAJgAoAJUAlYCWwJkAm8CcwKBAogCkQKeAqMCpgKzArgAAAAAAAACAQAAAAAAAAAoAAAAAAAAAAAAAAAAAAACyg==}}

@phdthesis{Adams:2004,
	Author = {R. Adams},
	Date-Added = {2011-12-12 16:26:48 -0600},
	Date-Modified = {2011-12-12 16:26:57 -0600},
	Title = {A Modular Hierarchy of Logical Frameworks},
	Year = {2004},
	Bdsk-File-1 = {YnBsaXN0MDDUAQIDBAUIJidUJHRvcFgkb2JqZWN0c1gkdmVyc2lvblkkYXJjaGl2ZXLRBgdUcm9vdIABqAkKFRYXGyIjVSRudWxs0wsMDQ4RFFpOUy5vYmplY3RzV05TLmtleXNWJGNsYXNzog8QgASABqISE4ACgAOAB1lhbGlhc0RhdGFccmVsYXRpdmVQYXRo0hgNGRpXTlMuZGF0YU8RAbQAAAAAAbQAAgAADE1hY2ludG9zaCBIRAAAAAAAAAAAAAAAAAAAAMe4bklIKwAAAA/xIQ1BZGFtczIwMDUucGRmAAAAAAAAAAAAAAAAAAAAAAAAAAAAAAAAAAAAAAAAAAAAAAAAAAAAAAAAAAAAAAAAAAAGcyIFywvbqQAAAAAAAAAAAAEAAgAACSAAAAAAAAAAAAAAAAAAAAAKcmVmZXJlbmNlcwAQAAgAAMe4wqkAAAARAAgAAMsMMAkAAAABABgAD/EhAA/xHgAP0GYACEn7AAhJ7gAAkjsAAgBJTWFjaW50b3NoIEhEOlVzZXJzOmhkZTpEb2N1bWVudHM6c2Nob29sOlJlc2VhcmNoOnJlZmVyZW5jZXM6QWRhbXMyMDA1LnBkZgAADgAcAA0AQQBkAGEAbQBzADIAMAAwADUALgBwAGQAZgAPABoADABNAGEAYwBpAG4AdABvAHMAaAAgAEgARAASADxVc2Vycy9oZGUvRG9jdW1lbnRzL3NjaG9vbC9SZXNlYXJjaC9yZWZlcmVuY2VzL0FkYW1zMjAwNS5wZGYAEwABLwAAFQACAAr//wAAgAXSHB0eH1gkY2xhc3Nlc1okY2xhc3NuYW1lox8gIV1OU011dGFibGVEYXRhVk5TRGF0YVhOU09iamVjdF1BZGFtczIwMDUucGRm0hwdJCWiJSFcTlNEaWN0aW9uYXJ5EgABhqBfEA9OU0tleWVkQXJjaGl2ZXIACAARABYAHwAoADIANQA6ADwARQBLAFIAXQBlAGwAbwBxAHMAdgB4AHoAfACGAJMAmACgAlgCWgJfAmgCcwJ3AoUCjAKVAqMCqAKrArgCvQAAAAAAAAIBAAAAAAAAACgAAAAAAAAAAAAAAAAAAALP}}

@inproceedings{Ahmed:2006,
        Author = {A. Ahmed},
        Booktitle = {Lecture Notes in Computer Science},
	Publisher = {ESOP},
	Title = {Step-indexed syntactic logical relations for recursive and quantified types},
	Year = {2006}}


@inproceedings{Altenkirch:2003,
	Author = {T. Altenkirch and C. Mcbride},
	Booktitle = {In Generic Programming, 2003. Proceedings of the IFIP TC2 Working Conference on Generic Programming, Schloss Dagstuhl},
	Date-Added = {2011-07-12 11:20:18 -0500},
	Date-Modified = {2011-07-12 11:20:31 -0500},
	Pages = {1--20},
	Publisher = {Kluwer Academic Publishers},
	Title = {Generic programming within dependently typed programming},
	Year = {2003}}

@book{Amadio:1998,
	Author = {R. Amadio and P. Curien},
	Date-Added = {2011-12-12 16:53:26 -0600},
	Date-Modified = {2011-12-12 16:53:38 -0600},
	Isbn = {9780521622776},
	Lccn = {98212250},
	Publisher = {Cambridge University Press},
	Series = {Cambridge tracts in theoretical computer science},
	Title = {Domains and lambda-calculi},
	Url = {http://books.google.com/books?id=2FycO5h5SocC},
	Year = {1998},
	Bdsk-Url-1 = {http://books.google.com/books?id=2FycO5h5SocC}}

@article{Andrews:2003,
	Acmid = {940039},
	Address = {Piscataway, NJ, USA},
	Author = {J. Andrews and Y. Zhang},
	Date-Added = {2012-01-06 13:01:07 -0600},
	Date-Modified = {2012-01-06 13:01:12 -0600},
	Doi = {http://dx.doi.org/10.1109/TSE.2003.1214327},
	Issn = {0098-5589},
	Issue = {7},
	Journal = {IEEE Trans. Softw. Eng.},
	Keywords = {Testing, specification, safety verification, lightweight formal methods, test oracles, unit testing, log file analysis},
	Month = {July},
	Numpages = {15},
	Pages = {634--648},
	Publisher = {IEEE Press},
	Title = {General Test Result Checking with Log File Analysis},
	Url = {http://dx.doi.org/10.1109/TSE.2003.1214327},
	Volume = {29},
	Year = {2003},
	Bdsk-File-1 = {YnBsaXN0MDDUAQIDBAUIJidUJHRvcFgkb2JqZWN0c1gkdmVyc2lvblkkYXJjaGl2ZXLRBgdUcm9vdIABqAkKFRYXGyIjVSRudWxs0wsMDQ4RFFpOUy5vYmplY3RzV05TLmtleXNWJGNsYXNzog8QgASABqISE4ACgAOAB1lhbGlhc0RhdGFccmVsYXRpdmVQYXRo0hgNGRpXTlMuZGF0YU8RAbwAAAAAAbwAAgAADE1hY2ludG9zaCBIRAAAAAAAAAAAAAAAAAAAAMe4bklIKwAAAA/xIQ9BbmRyZXdzMjAwMy5wZGYAAAAAAAAAAAAAAAAAAAAAAAAAAAAAAAAAAAAAAAAAAAAAAAAAAAAAAAAAAAAAAAAGpPsNyyyhQQAAAAAAAAAAAAEAAgAACSAAAAAAAAAAAAAAAAAAAAAKcmVmZXJlbmNlcwAQAAgAAMe4wqkAAAARAAgAAMss9aEAAAABABgAD/EhAA/xHgAP0GYACEn7AAhJ7gAAkjsAAgBLTWFjaW50b3NoIEhEOlVzZXJzOmhkZTpEb2N1bWVudHM6c2Nob29sOlJlc2VhcmNoOnJlZmVyZW5jZXM6QW5kcmV3czIwMDMucGRmAAAOACAADwBBAG4AZAByAGUAdwBzADIAMAAwADMALgBwAGQAZgAPABoADABNAGEAYwBpAG4AdABvAHMAaAAgAEgARAASAD5Vc2Vycy9oZGUvRG9jdW1lbnRzL3NjaG9vbC9SZXNlYXJjaC9yZWZlcmVuY2VzL0FuZHJld3MyMDAzLnBkZgATAAEvAAAVAAIACv//AACABdIcHR4fWCRjbGFzc2VzWiRjbGFzc25hbWWjHyAhXU5TTXV0YWJsZURhdGFWTlNEYXRhWE5TT2JqZWN0XxAPQW5kcmV3czIwMDMucGRm0hwdJCWiJSFcTlNEaWN0aW9uYXJ5EgABhqBfEA9OU0tleWVkQXJjaGl2ZXIACAARABYAHwAoADIANQA6ADwARQBLAFIAXQBlAGwAbwBxAHMAdgB4AHoAfACGAJMAmACgAmACYgJnAnACewJ/Ao0ClAKdAq8CtAK3AsQCyQAAAAAAAAIBAAAAAAAAACgAAAAAAAAAAAAAAAAAAALb}}

@incollection{Andrews:2009,
	Author = {P. Andrews},
	Booktitle = {The Stanford Encyclopedia of Philosophy},
	Date-Added = {2012-01-08 09:57:21 -0600},
	Date-Modified = {2012-01-08 09:57:34 -0600},
	Edition = {Spring 2009},
	Editor = {E. N. Zalta},
	Howpublished = {http://plato.stanford.edu/archives/spr2009/entries/type-theory-church/},
	Title = {Church\'s Type Theory},
	Year = {2009}}

@article{Appel:2001,
	Address = {New York, NY, USA},
	Author = {A. Appel and D. McAllester},
	Date-Modified = {2010-06-22 19:46:39 -0500},
	Doi = {http://doi.acm.org/10.1145/504709.504712},
	Issn = {0164-0925},
	Journal = {ACM Trans. Program. Lang. Syst.},
	Number = {5},
	Pages = {657--683},
	Publisher = {ACM},
	Title = {An indexed model of recursive types for foundational proof-carrying code},
	Volume = {23},
	Year = {2001},
	Bdsk-Url-1 = {http://doi.acm.org/10.1145/504709.504712}}

@article{Armstrong:2011,
	Author = {A. Armstrong and S. Foster and G. Struth},
	Bibsource = {DBLP, http://dblp.uni-trier.de},
	Date-Added = {2012-01-06 15:09:13 -0600},
	Date-Modified = {2012-01-06 15:09:21 -0600},
	Ee = {http://arxiv.org/abs/1112.3833},
	Journal = {CoRR},
	Title = {Dependently Typed Programming based on Automated Theorem Proving},
	Volume = {abs/1112.3833},
	Year = {2011},
	Bdsk-File-1 = {YnBsaXN0MDDUAQIDBAUIJidUJHRvcFgkb2JqZWN0c1gkdmVyc2lvblkkYXJjaGl2ZXLRBgdUcm9vdIABqAkKFRYXGyIjVSRudWxs0wsMDQ4RFFpOUy5vYmplY3RzV05TLmtleXNWJGNsYXNzog8QgASABqISE4ACgAOAB1lhbGlhc0RhdGFccmVsYXRpdmVQYXRo0hgNGRpXTlMuZGF0YU8RAcQAAAAAAcQAAgAADE1hY2ludG9zaCBIRAAAAAAAAAAAAAAAAAAAAMe4bklIKwAAAA/xIRFBcm1zdHJvbmcyMDExLnBkZgAAAAAAAAAAAAAAAAAAAAAAAAAAAAAAAAAAAAAAAAAAAAAAAAAAAAAAAAAAAAAGpS7jyyy+fAAAAAAAAAAAAAEAAgAACSAAAAAAAAAAAAAAAAAAAAAKcmVmZXJlbmNlcwAQAAgAAMe4wqkAAAARAAgAAMstEtwAAAABABgAD/EhAA/xHgAP0GYACEn7AAhJ7gAAkjsAAgBNTWFjaW50b3NoIEhEOlVzZXJzOmhkZTpEb2N1bWVudHM6c2Nob29sOlJlc2VhcmNoOnJlZmVyZW5jZXM6QXJtc3Ryb25nMjAxMS5wZGYAAA4AJAARAEEAcgBtAHMAdAByAG8AbgBnADIAMAAxADEALgBwAGQAZgAPABoADABNAGEAYwBpAG4AdABvAHMAaAAgAEgARAASAEBVc2Vycy9oZGUvRG9jdW1lbnRzL3NjaG9vbC9SZXNlYXJjaC9yZWZlcmVuY2VzL0FybXN0cm9uZzIwMTEucGRmABMAAS8AABUAAgAK//8AAIAF0hwdHh9YJGNsYXNzZXNaJGNsYXNzbmFtZaMfICFdTlNNdXRhYmxlRGF0YVZOU0RhdGFYTlNPYmplY3RfEBFBcm1zdHJvbmcyMDExLnBkZtIcHSQloiUhXE5TRGljdGlvbmFyeRIAAYagXxAPTlNLZXllZEFyY2hpdmVyAAgAEQAWAB8AKAAyADUAOgA8AEUASwBSAF0AZQBsAG8AcQBzAHYAeAB6AHwAhgCTAJgAoAJoAmoCbwJ4AoMChwKVApwCpQK5Ar4CwQLOAtMAAAAAAAACAQAAAAAAAAAoAAAAAAAAAAAAAAAAAAAC5Q==}}

@inproceedings{Aspinall:2007,
	Author = {D. Aspinall and J. Sevc{\'\i}k},
	Booktitle = {In 20th International Conference on Theorem Proving in Higher Order Logics (TPHOLs 2007)},
	Date-Added = {2012-01-06 13:04:44 -0600},
	Date-Modified = {2012-01-06 13:05:02 -0600},
	Pages = {22--37},
	Publisher = {Springer},
	Title = {Formalising Java's Data Race Free Guarantee},
	Year = {2007},
	Bdsk-File-1 = {YnBsaXN0MDDUAQIDBAUIJidUJHRvcFgkb2JqZWN0c1gkdmVyc2lvblkkYXJjaGl2ZXLRBgdUcm9vdIABqAkKFRYXGyIjVSRudWxs0wsMDQ4RFFpOUy5vYmplY3RzV05TLmtleXNWJGNsYXNzog8QgASABqISE4ACgAOAB1lhbGlhc0RhdGFccmVsYXRpdmVQYXRo0hgNGRpXTlMuZGF0YU8RAcAAAAAAAcAAAgAADE1hY2ludG9zaCBIRAAAAAAAAAAAAAAAAAAAAMe4bklIKwAAAA/xIRBBc3BpbmFsbDIwMDcucGRmAAAAAAAAAAAAAAAAAAAAAAAAAAAAAAAAAAAAAAAAAAAAAAAAAAAAAAAAAAAAAAAGpPxayyyiDwAAAAAAAAAAAAEAAgAACSAAAAAAAAAAAAAAAAAAAAAKcmVmZXJlbmNlcwAQAAgAAMe4wqkAAAARAAgAAMss9m8AAAABABgAD/EhAA/xHgAP0GYACEn7AAhJ7gAAkjsAAgBMTWFjaW50b3NoIEhEOlVzZXJzOmhkZTpEb2N1bWVudHM6c2Nob29sOlJlc2VhcmNoOnJlZmVyZW5jZXM6QXNwaW5hbGwyMDA3LnBkZgAOACIAEABBAHMAcABpAG4AYQBsAGwAMgAwADAANwAuAHAAZABmAA8AGgAMAE0AYQBjAGkAbgB0AG8AcwBoACAASABEABIAP1VzZXJzL2hkZS9Eb2N1bWVudHMvc2Nob29sL1Jlc2VhcmNoL3JlZmVyZW5jZXMvQXNwaW5hbGwyMDA3LnBkZgAAEwABLwAAFQACAAr//wAAgAXSHB0eH1gkY2xhc3Nlc1okY2xhc3NuYW1lox8gIV1OU011dGFibGVEYXRhVk5TRGF0YVhOU09iamVjdF8QEEFzcGluYWxsMjAwNy5wZGbSHB0kJaIlIVxOU0RpY3Rpb25hcnkSAAGGoF8QD05TS2V5ZWRBcmNoaXZlcgAIABEAFgAfACgAMgA1ADoAPABFAEsAUgBdAGUAbABvAHEAcwB2AHgAegB8AIYAkwCYAKACZAJmAmsCdAJ/AoMCkQKYAqECtAK5ArwCyQLOAAAAAAAAAgEAAAAAAAAAKAAAAAAAAAAAAAAAAAAAAuA=}}

@inproceedings{Barendregt:1992,
	Author = {H. Barendregt},
        Editor = {S. Abramsky and D. Gabbay and T. Maibaum},
	Booktitle = {Handbook of Logic in Computer Science},
	Date-Modified = {2012-01-07 12:40:02 -0600},
	Pages = {117--309},
	Publisher = {Oxford University Press},
	Read = {1},
	Title = {Lambda Calculi with Types},
	Year = {1992}}

@techreport{Cardelli-1986,
	Author = {L. Cardelli},
	Date-Added = {2011-08-24 12:09:02 -0500},
	Date-Modified = {2011-08-24 13:39:51 -0500},
	Read = {1},
	Title = {A Polymorphic lambda-calculus with Type:Type},
	Year = {1986}}

@article{Cardone:2006,
	Author = {F. Cardone and R. Hindley},
	Date-Added = {2011-09-03 14:25:21 -0500},
	Date-Modified = {2012-01-07 12:42:26 -0600},
	Read = {1},
	Title = {History of Lambda-calculus and Combinatory Logic},
	Year = {2006}}

@inproceedings{Chiyan:2005,
	Acmid = {1086375},
	Address = {New York, NY, USA},
	Author = {C. Chen and H. Xi},
	Booktitle = {Proceedings of the tenth ACM SIGPLAN international conference on Functional programming},
	Date-Added = {2012-01-06 13:07:22 -0600},
	Date-Modified = {2012-01-06 13:07:39 -0600},
	Doi = {http://doi.acm.org/10.1145/1086365.1086375},
	Isbn = {1-59593-064-7},
	Keywords = {ATS, applied type system, dependent types, proof erasure, theorem proving},
	Location = {Tallinn, Estonia},
	Numpages = {12},
	Pages = {66--77},
	Publisher = {ACM},
	Series = {ICFP '05},
	Title = {Combining programming with theorem proving},
	Url = {http://doi.acm.org/10.1145/1086365.1086375},
	Year = {2005},
	Bdsk-File-1 = {YnBsaXN0MDDUAQIDBAUIJidUJHRvcFgkb2JqZWN0c1gkdmVyc2lvblkkYXJjaGl2ZXLRBgdUcm9vdIABqAkKFRYXGyIjVSRudWxs0wsMDQ4RFFpOUy5vYmplY3RzV05TLmtleXNWJGNsYXNzog8QgASABqISE4ACgAOAB1lhbGlhc0RhdGFccmVsYXRpdmVQYXRo0hgNGRpXTlMuZGF0YU8RAbgAAAAAAbgAAgAADE1hY2ludG9zaCBIRAAAAAAAAAAAAAAAAAAAAMe4bklIKwAAAA/xIQ5DaGl5YW4yMDA1LnBkZgAAAAAAAAAAAAAAAAAAAAAAAAAAAAAAAAAAAAAAAAAAAAAAAAAAAAAAAAAAAAAAAAAGpP3WyyyipAAAAAAAAAAAAAEAAgAACSAAAAAAAAAAAAAAAAAAAAAKcmVmZXJlbmNlcwAQAAgAAMe4wqkAAAARAAgAAMss9wQAAAABABgAD/EhAA/xHgAP0GYACEn7AAhJ7gAAkjsAAgBKTWFjaW50b3NoIEhEOlVzZXJzOmhkZTpEb2N1bWVudHM6c2Nob29sOlJlc2VhcmNoOnJlZmVyZW5jZXM6Q2hpeWFuMjAwNS5wZGYADgAeAA4AQwBoAGkAeQBhAG4AMgAwADAANQAuAHAAZABmAA8AGgAMAE0AYQBjAGkAbgB0AG8AcwBoACAASABEABIAPVVzZXJzL2hkZS9Eb2N1bWVudHMvc2Nob29sL1Jlc2VhcmNoL3JlZmVyZW5jZXMvQ2hpeWFuMjAwNS5wZGYAABMAAS8AABUAAgAK//8AAIAF0hwdHh9YJGNsYXNzZXNaJGNsYXNzbmFtZaMfICFdTlNNdXRhYmxlRGF0YVZOU0RhdGFYTlNPYmplY3ReQ2hpeWFuMjAwNS5wZGbSHB0kJaIlIVxOU0RpY3Rpb25hcnkSAAGGoF8QD05TS2V5ZWRBcmNoaXZlcgAIABEAFgAfACgAMgA1ADoAPABFAEsAUgBdAGUAbABvAHEAcwB2AHgAegB8AIYAkwCYAKACXAJeAmMCbAJ3AnsCiQKQApkCqAKtArACvQLCAAAAAAAAAgEAAAAAAAAAKAAAAAAAAAAAAAAAAAAAAtQ=}}



@article{Church:1933,
	Author = {A. Church},
	Copyright = {Copyright {\copyright} 1933 Annals of Mathematics},
	Date-Added = {2012-02-16 11:46:13 -0600},
	Date-Modified = {2012-02-16 11:46:28 -0600},
	Issn = {0003486X},
	Journal = {The Annals of Mathematics},
	Jstor_Articletype = {research-article},
	Jstor_Formatteddate = {Oct., 1933},
	Language = {English},
	Number = {4},
	Pages = {pp. 839-864},
	Publisher = {Annals of Mathematics},
	Series = {Second Series},
	Title = {A Set of Postulates For the Foundation of Logic},
	Url = {http://www.jstor.org/stable/1968702},
	Volume = {34},
	Year = {1933},
	Bdsk-File-1 = {YnBsaXN0MDDUAQIDBAUIJidUJHRvcFgkb2JqZWN0c1gkdmVyc2lvblkkYXJjaGl2ZXLRBgdUcm9vdIABqAkKFRYXGyIjVSRudWxs0wsMDQ4RFFpOUy5vYmplY3RzV05TLmtleXNWJGNsYXNzog8QgASABqISE4ACgAOAB1lhbGlhc0RhdGFccmVsYXRpdmVQYXRo0hgNGRpXTlMuZGF0YU8RAbgAAAAAAbgAAgAADE1hY2ludG9zaCBIRAAAAAAAAAAAAAAAAAAAAMe4bklIKwAAAA/xIQ5DaHVyY2gxOTMzLnBkZgAAAAAAAAAAAAAAAAAAAAAAAAAAAAAAAAAAAAAAAAAAAAAAAAAAAAAAAAAAAAAAAAAGzBLay2KdOQAAAAAAAAAAAAEAAgAACSAAAAAAAAAAAAAAAAAAAAAKcmVmZXJlbmNlcwAQAAgAAMe4wqkAAAARAAgAAMti8ZkAAAABABgAD/EhAA/xHgAP0GYACEn7AAhJ7gAAkjsAAgBKTWFjaW50b3NoIEhEOlVzZXJzOmhkZTpEb2N1bWVudHM6c2Nob29sOlJlc2VhcmNoOnJlZmVyZW5jZXM6Q2h1cmNoMTkzMy5wZGYADgAeAA4AQwBoAHUAcgBjAGgAMQA5ADMAMwAuAHAAZABmAA8AGgAMAE0AYQBjAGkAbgB0AG8AcwBoACAASABEABIAPVVzZXJzL2hkZS9Eb2N1bWVudHMvc2Nob29sL1Jlc2VhcmNoL3JlZmVyZW5jZXMvQ2h1cmNoMTkzMy5wZGYAABMAAS8AABUAAgAK//8AAIAF0hwdHh9YJGNsYXNzZXNaJGNsYXNzbmFtZaMfICFdTlNNdXRhYmxlRGF0YVZOU0RhdGFYTlNPYmplY3ReQ2h1cmNoMTkzMy5wZGbSHB0kJaIlIVxOU0RpY3Rpb25hcnkSAAGGoF8QD05TS2V5ZWRBcmNoaXZlcgAIABEAFgAfACgAMgA1ADoAPABFAEsAUgBdAGUAbABvAHEAcwB2AHgAegB8AIYAkwCYAKACXAJeAmMCbAJ3AnsCiQKQApkCqAKtArACvQLCAAAAAAAAAgEAAAAAAAAAKAAAAAAAAAAAAAAAAAAAAtQ=}}

@article{Church:1940,
	Author = {A. Church},
	Copyright = {Copyright {\copyright} 1940 Association for Symbolic Logic},
	Date-Added = {2012-01-08 09:51:24 -0600},
	Date-Modified = {2012-01-08 09:51:31 -0600},
	Issn = {00224812},
	Journal = {The Journal of Symbolic Logic},
	Jstor_Articletype = {research-article},
	Jstor_Formatteddate = {Jun., 1940},
	Language = {English},
	Number = {2},
	Pages = {pp. 56-68},
	Publisher = {Association for Symbolic Logic},
	Title = {A Formulation of the Simple Theory of Types},
	Url = {http://www.jstor.org/stable/2266170},
	Volume = {5},
	Year = {1940}}

@book{Constable:1986,
	Author = {R. Constable and S. Allen and S. Allen and H. Bromley and W. Cleaveland and J. Cremer and R. Harper and H. Douglas and T. Knoblock and N. Mendler and P. Panangaden and S. Smith and J. Sasaki and S. Smith},
	Date-Added = {2012-01-06 13:12:49 -0600},
	Date-Modified = {2012-01-06 13:13:20 -0600},
	Publisher = {Prentice Hall},
	Title = {Implementing Mathematics with The Nuprl Proof Development System},
	Year = {1986}}

@webpage{CoqRefMan:2008,
	Author = {The Coq Development Team},
	Date-Added = {2012-01-06 14:56:58 -0600},
	Date-Modified = {2012-01-06 14:58:15 -0600},
	Title = {The Coq Proof Assistant Reference Manual},
	Url = {http://coq.inria.fr/},
	Year = {2008},
	Bdsk-File-1 = {YnBsaXN0MDDUAQIDBAUIJidUJHRvcFgkb2JqZWN0c1gkdmVyc2lvblkkYXJjaGl2ZXLRBgdUcm9vdIABqAkKFRYXGyIjVSRudWxs0wsMDQ4RFFpOUy5vYmplY3RzV05TLmtleXNWJGNsYXNzog8QgASABqISE4ACgAOAB1lhbGlhc0RhdGFccmVsYXRpdmVQYXRo0hgNGRpXTlMuZGF0YU8RAcQAAAAAAcQAAgAADE1hY2ludG9zaCBIRAAAAAAAAAAAAAAAAAAAAMe4bklIKwAAAA/xIRFDb3FSZWZNYW4yMDA4LnBkZgAAAAAAAAAAAAAAAAAAAAAAAAAAAAAAAAAAAAAAAAAAAAAAAAAAAAAAAAAAAAAGpSnByyy8HwAAAAAAAAAAAAEAAgAACSAAAAAAAAAAAAAAAAAAAAAKcmVmZXJlbmNlcwAQAAgAAMe4wqkAAAARAAgAAMstEH8AAAABABgAD/EhAA/xHgAP0GYACEn7AAhJ7gAAkjsAAgBNTWFjaW50b3NoIEhEOlVzZXJzOmhkZTpEb2N1bWVudHM6c2Nob29sOlJlc2VhcmNoOnJlZmVyZW5jZXM6Q29xUmVmTWFuMjAwOC5wZGYAAA4AJAARAEMAbwBxAFIAZQBmAE0AYQBuADIAMAAwADgALgBwAGQAZgAPABoADABNAGEAYwBpAG4AdABvAHMAaAAgAEgARAASAEBVc2Vycy9oZGUvRG9jdW1lbnRzL3NjaG9vbC9SZXNlYXJjaC9yZWZlcmVuY2VzL0NvcVJlZk1hbjIwMDgucGRmABMAAS8AABUAAgAK//8AAIAF0hwdHh9YJGNsYXNzZXNaJGNsYXNzbmFtZaMfICFdTlNNdXRhYmxlRGF0YVZOU0RhdGFYTlNPYmplY3RfEBFDb3FSZWZNYW4yMDA4LnBkZtIcHSQloiUhXE5TRGljdGlvbmFyeRIAAYagXxAPTlNLZXllZEFyY2hpdmVyAAgAEQAWAB8AKAAyADUAOgA8AEUASwBSAF0AZQBsAG8AcQBzAHYAeAB6AHwAhgCTAJgAoAJoAmoCbwJ4AoMChwKVApwCpQK5Ar4CwQLOAtMAAAAAAAACAQAAAAAAAAAoAAAAAAAAAAAAAAAAAAAC5Q==}}


@inproceedings{Coquand:1986,
	Author = {T. Coquand},
	Booktitle = {In Symposium on Logic in Computer Science},
	Date-Added = {2011-08-12 13:31:54 -0500},
	Date-Modified = {2011-08-12 13:32:03 -0500},
	Pages = {227--236},
	Publisher = {IEEE Computer Society Press},
	Title = {An Analysis of Girard's Paradox},
	Year = {1986},
	Bdsk-File-1 = {YnBsaXN0MDDUAQIDBAUIJidUJHRvcFgkb2JqZWN0c1gkdmVyc2lvblkkYXJjaGl2ZXLRBgdUcm9vdIABqAkKFRYXGyIjVSRudWxs0wsMDQ4RFFpOUy5vYmplY3RzV05TLmtleXNWJGNsYXNzog8QgASABqISE4ACgAOAB1lhbGlhc0RhdGFccmVsYXRpdmVQYXRo0hgNGRpXTlMuZGF0YU8RAcAAAAAAAcAAAgAADE1hY2ludG9zaCBIRAAAAAAAAAAAAAAAAAAAAMe4bklIKwAAAA/xIRBDb3F1YW5kMTk4NmEucGRmAAAAAAAAAAAAAAAAAAAAAAAAAAAAAAAAAAAAAAAAAAAAAAAAAAAAAAAAAAAAAAAFpnLpymrcCgAAAAAAAAAAAAEAAgAACSAAAAAAAAAAAAAAAAAAAAAKcmVmZXJlbmNlcwAQAAgAAMe4wqkAAAARAAgAAMprIloAAAABABgAD/EhAA/xHgAP0GYACEn7AAhJ7gAAkjsAAgBMTWFjaW50b3NoIEhEOlVzZXJzOmhkZTpEb2N1bWVudHM6c2Nob29sOlJlc2VhcmNoOnJlZmVyZW5jZXM6Q29xdWFuZDE5ODZhLnBkZgAOACIAEABDAG8AcQB1AGEAbgBkADEAOQA4ADYAYQAuAHAAZABmAA8AGgAMAE0AYQBjAGkAbgB0AG8AcwBoACAASABEABIAP1VzZXJzL2hkZS9Eb2N1bWVudHMvc2Nob29sL1Jlc2VhcmNoL3JlZmVyZW5jZXMvQ29xdWFuZDE5ODZhLnBkZgAAEwABLwAAFQACAAr//wAAgAXSHB0eH1gkY2xhc3Nlc1okY2xhc3NuYW1lox8gIV1OU011dGFibGVEYXRhVk5TRGF0YVhOU09iamVjdF8QEENvcXVhbmQxOTg2YS5wZGbSHB0kJaIlIVxOU0RpY3Rpb25hcnkSAAGGoF8QD05TS2V5ZWRBcmNoaXZlcgAIABEAFgAfACgAMgA1ADoAPABFAEsAUgBdAGUAbABvAHEAcwB2AHgAegB8AIYAkwCYAKACZAJmAmsCdAJ/AoMCkQKYAqECtAK5ArwCyQLOAAAAAAAAAgEAAAAAAAAAKAAAAAAAAAAAAAAAAAAAAuA=}}

@article{Coquand:1988,
	Address = {Duluth, MN, USA},
	Author = {T. Coquand and G. Huet},
	Doi = {http://dx.doi.org/10.1016/0890-5401(88)90005-3},
	Issn = {0890-5401},
	Journal = {Inf. Comput.},
	Number = {2-3},
	Pages = {95--120},
	Publisher = {Academic Press, Inc.},
	Title = {The calculus of constructions},
	Volume = {76},
	Year = {1988},
	Bdsk-Url-1 = {http://dx.doi.org/10.1016/0890-5401(88)90005-3}}

@inproceedings{Coquand:1994,
	Author = {T. Coquand},
	Booktitle = {Logic, Methodology and Philosophy of Science IX : Proceedings of the Ninth International Congress of Logic, Methodology, and Philosophy of Science},
	Date-Added = {2011-08-12 13:45:05 -0500},
	Date-Modified = {2011-08-12 13:45:14 -0500},
	Pages = {7--14},
	Publisher = {Elsevier},
	Title = {A New Paradox in Type Theory},
	Year = {1994},
	Bdsk-File-1 = {YnBsaXN0MDDUAQIDBAUIJidUJHRvcFgkb2JqZWN0c1gkdmVyc2lvblkkYXJjaGl2ZXLRBgdUcm9vdIABqAkKFRYXGyIjVSRudWxs0wsMDQ4RFFpOUy5vYmplY3RzV05TLmtleXNWJGNsYXNzog8QgASABqISE4ACgAOAB1lhbGlhc0RhdGFccmVsYXRpdmVQYXRo0hgNGRpXTlMuZGF0YU8RAbwAAAAAAbwAAgAADE1hY2ludG9zaCBIRAAAAAAAAAAAAAAAAAAAAMe4bklIKwAAAA/xIQ9Db3F1YW5kMTk5NC5wZGYAAAAAAAAAAAAAAAAAAAAAAAAAAAAAAAAAAAAAAAAAAAAAAAAAAAAAAAAAAAAAAAAFpn1YymrfAgAAAAAAAAAAAAEAAgAACSAAAAAAAAAAAAAAAAAAAAAKcmVmZXJlbmNlcwAQAAgAAMe4wqkAAAARAAgAAMprJVIAAAABABgAD/EhAA/xHgAP0GYACEn7AAhJ7gAAkjsAAgBLTWFjaW50b3NoIEhEOlVzZXJzOmhkZTpEb2N1bWVudHM6c2Nob29sOlJlc2VhcmNoOnJlZmVyZW5jZXM6Q29xdWFuZDE5OTQucGRmAAAOACAADwBDAG8AcQB1AGEAbgBkADEAOQA5ADQALgBwAGQAZgAPABoADABNAGEAYwBpAG4AdABvAHMAaAAgAEgARAASAD5Vc2Vycy9oZGUvRG9jdW1lbnRzL3NjaG9vbC9SZXNlYXJjaC9yZWZlcmVuY2VzL0NvcXVhbmQxOTk0LnBkZgATAAEvAAAVAAIACv//AACABdIcHR4fWCRjbGFzc2VzWiRjbGFzc25hbWWjHyAhXU5TTXV0YWJsZURhdGFWTlNEYXRhWE5TT2JqZWN0XxAPQ29xdWFuZDE5OTQucGRm0hwdJCWiJSFcTlNEaWN0aW9uYXJ5EgABhqBfEA9OU0tleWVkQXJjaGl2ZXIACAARABYAHwAoADIANQA6ADwARQBLAFIAXQBlAGwAbwBxAHMAdgB4AHoAfACGAJMAmACgAmACYgJnAnACewJ/Ao0ClAKdAq8CtAK3AsQCyQAAAAAAAAIBAAAAAAAAACgAAAAAAAAAAAAAAAAAAALb}}

@incollection{Coquand:2010b,
	Author = {T. Coquand},
	Booktitle = {The Stanford Encyclopedia of Philosophy},
	Date-Added = {2012-01-06 16:08:11 -0600},
	Date-Modified = {2012-01-06 16:08:38 -0600},
	Edition = {Spring 2010},
	Editor = {E. N. Zalta},
	Howpublished = {http://plato.stanford.edu/archives/spr2010/entries/type-theory/},
	Title = {Type Theory},
	Year = {2010}}

@incollection{Cousot:2007,
	Author = {P. Cousot},
	Booktitle = {Verified Software: Theories, Tools, Experiments},
	Date-Added = {2012-01-06 13:23:52 -0600},
	Date-Modified = {2012-01-06 13:24:16 -0600},
	Editor = {B.\ Meyer and J.\ Woodcock},
	Month = dec,
	Pages = {227--240},
	Publisher = {Springer, Berlin, Germany},
	Series = {Lecture Notes in Computer Science},
	Title = {The Verification Grand Challenge and Abstract Interpretation},
	Volume = {4171},
	Year = 2007,
	Bdsk-File-1 = {YnBsaXN0MDDUAQIDBAUIJidUJHRvcFgkb2JqZWN0c1gkdmVyc2lvblkkYXJjaGl2ZXLRBgdUcm9vdIABqAkKFRYXGyIjVSRudWxs0wsMDQ4RFFpOUy5vYmplY3RzV05TLmtleXNWJGNsYXNzog8QgASABqISE4ACgAOAB1lhbGlhc0RhdGFccmVsYXRpdmVQYXRo0hgNGRpXTlMuZGF0YU8RAbgAAAAAAbgAAgAADE1hY2ludG9zaCBIRAAAAAAAAAAAAAAAAAAAAMe4bklIKwAAAA/xIQ5Db3Vzb3QyMDA3LnBkZgAAAAAAAAAAAAAAAAAAAAAAAAAAAAAAAAAAAAAAAAAAAAAAAAAAAAAAAAAAAAAAAAAGpQQLyyymkgAAAAAAAAAAAAEAAgAACSAAAAAAAAAAAAAAAAAAAAAKcmVmZXJlbmNlcwAQAAgAAMe4wqkAAAARAAgAAMss+vIAAAABABgAD/EhAA/xHgAP0GYACEn7AAhJ7gAAkjsAAgBKTWFjaW50b3NoIEhEOlVzZXJzOmhkZTpEb2N1bWVudHM6c2Nob29sOlJlc2VhcmNoOnJlZmVyZW5jZXM6Q291c290MjAwNy5wZGYADgAeAA4AQwBvAHUAcwBvAHQAMgAwADAANwAuAHAAZABmAA8AGgAMAE0AYQBjAGkAbgB0AG8AcwBoACAASABEABIAPVVzZXJzL2hkZS9Eb2N1bWVudHMvc2Nob29sL1Jlc2VhcmNoL3JlZmVyZW5jZXMvQ291c290MjAwNy5wZGYAABMAAS8AABUAAgAK//8AAIAF0hwdHh9YJGNsYXNzZXNaJGNsYXNzbmFtZaMfICFdTlNNdXRhYmxlRGF0YVZOU0RhdGFYTlNPYmplY3ReQ291c290MjAwNy5wZGbSHB0kJaIlIVxOU0RpY3Rpb25hcnkSAAGGoF8QD05TS2V5ZWRBcmNoaXZlcgAIABEAFgAfACgAMgA1ADoAPABFAEsAUgBdAGUAbABvAHEAcwB2AHgAegB8AIYAkwCYAKACXAJeAmMCbAJ3AnsCiQKQApkCqAKtArACvQLCAAAAAAAAAgEAAAAAAAAAKAAAAAAAAAAAAAAAAAAAAtQ=}}

@article{Danner:1999b,
	Author = {N. Danner},
	Date-Added = {2011-04-11 22:39:03 -0500},
	Date-Modified = {2011-04-11 22:40:43 -0500},
	Doi = {DOI: 10.1016/S0168-0072(98)00046-3},
	Issn = {0168-0072},
	Journal = {Annals of Pure and Applied Logic},
	Keywords = {Typed lambda calculus},
	Number = {1-3},
	Pages = {179 - 201},
	Title = {Ordinals and ordinal functions representable in the simply typed lambda calculus},
	Volume = {97},
	Year = {1999},
	Bdsk-File-1 = {YnBsaXN0MDDUAQIDBAUIJidUJHRvcFgkb2JqZWN0c1gkdmVyc2lvblkkYXJjaGl2ZXLRBgdUcm9vdIABqAkKFRYXGyIjVSRudWxs0wsMDQ4RFFpOUy5vYmplY3RzV05TLmtleXNWJGNsYXNzog8QgASABqISE4ACgAOAB1lhbGlhc0RhdGFccmVsYXRpdmVQYXRo0hgNGRpXTlMuZGF0YU8RAbgAAAAAAbgAAgAADE1hY2ludG9zaCBIRAAAAAAAAAAAAAAAAAAAAMe4bklIKwAAAA/xIQ5EYW5uZXIxOTk5LnBkZgAAAAAAAAAAAAAAAAAAAAAAAAAAAAAAAAAAAAAAAAAAAAAAAAAAAAAAAAAAAAAAAAACerezyckzSQAAAAAAAAAAAAEAAgAACSAAAAAAAAAAAAAAAAAAAAAKcmVmZXJlbmNlcwAQAAgAAMe4wqkAAAARAAgAAMnJeZkAAAABABgAD/EhAA/xHgAP0GYACEn7AAhJ7gAAkjsAAgBKTWFjaW50b3NoIEhEOlVzZXJzOmhkZTpEb2N1bWVudHM6c2Nob29sOlJlc2VhcmNoOnJlZmVyZW5jZXM6RGFubmVyMTk5OS5wZGYADgAeAA4ARABhAG4AbgBlAHIAMQA5ADkAOQAuAHAAZABmAA8AGgAMAE0AYQBjAGkAbgB0AG8AcwBoACAASABEABIAPVVzZXJzL2hkZS9Eb2N1bWVudHMvc2Nob29sL1Jlc2VhcmNoL3JlZmVyZW5jZXMvRGFubmVyMTk5OS5wZGYAABMAAS8AABUAAgAK//8AAIAF0hwdHh9YJGNsYXNzZXNaJGNsYXNzbmFtZaMfICFdTlNNdXRhYmxlRGF0YVZOU0RhdGFYTlNPYmplY3ReRGFubmVyMTk5OS5wZGbSHB0kJaIlIVxOU0RpY3Rpb25hcnkSAAGGoF8QD05TS2V5ZWRBcmNoaXZlcgAIABEAFgAfACgAMgA1ADoAPABFAEsAUgBdAGUAbABvAHEAcwB2AHgAegB8AIYAkwCYAKACXAJeAmMCbAJ3AnsCiQKQApkCqAKtArACvQLCAAAAAAAAAgEAAAAAAAAAKAAAAAAAAAAAAAAAAAAAAtQ=}}


@article{Danner:1999a,
	Address = {New York, NY, USA},
	Author = {N. Danner and D. Leivant},
	Date-Modified = {2012-01-07 12:06:51 -0600},
	Doi = {http://dx.doi.org/10.1017/S0960129599002868},
	Issn = {0960-1295},
	Journal = {Mathematical. Structures in Comp. Sci.},
	Number = {4},
	Pages = {507--522},
	Publisher = {Cambridge University Press},
	Read = {1},
	Title = {Stratified polymorphism and primitive recursion},
	Volume = {9},
	Year = {1999},
	Bdsk-Url-1 = {http://dx.doi.org/10.1017/S0960129599002868}}

@article{David:2003,
	Author = {R. David and K. Nour},
	Date-Added = {2011-12-07 00:29:13 -0600},
	Date-Modified = {2011-12-31 13:00:11 -0600},
	Journal = {SCHEDAE INFORMATICAE},
	Pages = {27--33},
	Read = {1},
	Title = {A short proof of the strong normalization of the simply typed lambdamu-calculus},
	Volume = {12},
	Year = {2003},
	Bdsk-File-1 = {YnBsaXN0MDDUAQIDBAUIJidUJHRvcFgkb2JqZWN0c1gkdmVyc2lvblkkYXJjaGl2ZXLRBgdUcm9vdIABqAkKFRYXGyIjVSRudWxs0wsMDQ4RFFpOUy5vYmplY3RzV05TLmtleXNWJGNsYXNzog8QgASABqISE4ACgAOAB1lhbGlhc0RhdGFccmVsYXRpdmVQYXRo0hgNGRpXTlMuZGF0YU8RAbQAAAAAAbQAAgAADE1hY2ludG9zaCBIRAAAAAAAAAAAAAAAAAAAAMe4bklIKwAAAA/xIQ1EYXZpZDIwMDMucGRmAAAAAAAAAAAAAAAAAAAAAAAAAAAAAAAAAAAAAAAAAAAAAAAAAAAAAAAAAAAAAAAAAAAGcK+BywRj6gAAAAAAAAAAAAEAAgAACSAAAAAAAAAAAAAAAAAAAAAKcmVmZXJlbmNlcwAQAAgAAMe4wqkAAAARAAgAAMsEuEoAAAABABgAD/EhAA/xHgAP0GYACEn7AAhJ7gAAkjsAAgBJTWFjaW50b3NoIEhEOlVzZXJzOmhkZTpEb2N1bWVudHM6c2Nob29sOlJlc2VhcmNoOnJlZmVyZW5jZXM6RGF2aWQyMDAzLnBkZgAADgAcAA0ARABhAHYAaQBkADIAMAAwADMALgBwAGQAZgAPABoADABNAGEAYwBpAG4AdABvAHMAaAAgAEgARAASADxVc2Vycy9oZGUvRG9jdW1lbnRzL3NjaG9vbC9SZXNlYXJjaC9yZWZlcmVuY2VzL0RhdmlkMjAwMy5wZGYAEwABLwAAFQACAAr//wAAgAXSHB0eH1gkY2xhc3Nlc1okY2xhc3NuYW1lox8gIV1OU011dGFibGVEYXRhVk5TRGF0YVhOU09iamVjdF1EYXZpZDIwMDMucGRm0hwdJCWiJSFcTlNEaWN0aW9uYXJ5EgABhqBfEA9OU0tleWVkQXJjaGl2ZXIACAARABYAHwAoADIANQA6ADwARQBLAFIAXQBlAGwAbwBxAHMAdgB4AHoAfACGAJMAmACgAlgCWgJfAmgCcwJ3AoUCjAKVAqMCqAKrArgCvQAAAAAAAAIBAAAAAAAAACgAAAAAAAAAAAAAAAAAAALP}}


@article{Dybjer:1997,
	Author = {P. Dybjer},
	Date-Added = {2010-07-06 13:15:57 -0500},
	Date-Modified = {2010-07-06 13:17:04 -0500},
	Journal = {Theoretical Computer Science},
	Number = {1-2},
	Pages = {329},
	Title = {Representing inductively defined sets by wellorderings in Martin-L{\"o}f's type theory},
	Volume = {176},
	Year = {1997}}

@conference{Kimmel:2012,
	Author = {G. Kimmell and A. Stump and H. Eades and P. Fu and T. Sheard and S. Weirich and C. Casinghino and V. Sjoberg and N. Collins and K. Y. Ahn},
	Booktitle = {PLPV},
	Title = {Equational Reasoning about Programs with General Recursion and Call-by-value Semantics},
	Year = {2012}}

@inproceedings{Sjoberg:2012,
	Author = {V. Sjoberg and C. Casinghino and K. Y. Ahn and N. Collins and H. Eades and P. Fu and G. Kimmell and T. Sheard and A. Stump and S. Weirich},
	Booktitle = {{\rm Proceedings Fourth Workshop on} Mathematically Structured Functional Programming, {\rm Tallinn, Estonia, 25 March 2012}},
	Editor = {Chapman, J. and Levy, P. B.},
	Pages = {112-162},
	Publisher = {Open Publishing Association},
	Series = {Electronic Proceedings in Theoretical Computer Science},
	Title = {Irrelevance, Heterogeneous Equality, and Call-by-value Dependent Type Systems},
	Volume = {76},
	Year = {2012}}
                  

@conference{Eades:2010,
	Author = {H. Eades and A. Stump},
	Booktitle = {Proof-Search in Type Theories (PSTT)},
	Date-Added = {2012-01-04 07:32:22 -0600},
	Date-Modified = {2012-01-04 07:33:20 -0600},
	Title = {Hereditary Substitution for Stratified System F},
	Year = {2010},
	Bdsk-File-1 = {YnBsaXN0MDDUAQIDBAUIJidUJHRvcFgkb2JqZWN0c1gkdmVyc2lvblkkYXJjaGl2ZXLRBgdUcm9vdIABqAkKFRYXGyIjVSRudWxs0wsMDQ4RFFpOUy5vYmplY3RzV05TLmtleXNWJGNsYXNzog8QgASABqISE4ACgAOAB1lhbGlhc0RhdGFccmVsYXRpdmVQYXRo0hgNGRpXTlMuZGF0YU8RAbQAAAAAAbQAAgAADE1hY2ludG9zaCBIRAAAAAAAAAAAAAAAAAAAAMe4bklIKwAAAA/xIQ1FYWRlczIwMTAucGRmAAAAAAAAAAAAAAAAAAAAAAAAAAAAAAAAAAAAAAAAAAAAAAAAAAAAAAAAAAAAAAAAAAAGpBYayymxzgAAAAAAAAAAAAEAAgAACSAAAAAAAAAAAAAAAAAAAAAKcmVmZXJlbmNlcwAQAAgAAMe4wqkAAAARAAgAAMsqBi4AAAABABgAD/EhAA/xHgAP0GYACEn7AAhJ7gAAkjsAAgBJTWFjaW50b3NoIEhEOlVzZXJzOmhkZTpEb2N1bWVudHM6c2Nob29sOlJlc2VhcmNoOnJlZmVyZW5jZXM6RWFkZXMyMDEwLnBkZgAADgAcAA0ARQBhAGQAZQBzADIAMAAxADAALgBwAGQAZgAPABoADABNAGEAYwBpAG4AdABvAHMAaAAgAEgARAASADxVc2Vycy9oZGUvRG9jdW1lbnRzL3NjaG9vbC9SZXNlYXJjaC9yZWZlcmVuY2VzL0VhZGVzMjAxMC5wZGYAEwABLwAAFQACAAr//wAAgAXSHB0eH1gkY2xhc3Nlc1okY2xhc3NuYW1lox8gIV1OU011dGFibGVEYXRhVk5TRGF0YVhOU09iamVjdF1FYWRlczIwMTAucGRm0hwdJCWiJSFcTlNEaWN0aW9uYXJ5EgABhqBfEA9OU0tleWVkQXJjaGl2ZXIACAARABYAHwAoADIANQA6ADwARQBLAFIAXQBlAGwAbwBxAHMAdgB4AHoAfACGAJMAmACgAlgCWgJfAmgCcwJ3AoUCjAKVAqMCqAKrArgCvQAAAAAAAAIBAAAAAAAAACgAAAAAAAAAAAAAAAAAAALP}}


@incollection{Feferman:2005,
	Author = {S. Feferman},
	Booktitle = {The Oxford Handbook of Philosophy of Mathematics and Logic},
	Date-Added = {2012-09-06 19:50:54 -0500},
	Date-Modified = {2012-09-06 19:52:05 -0500},
	Editor = {S. Shapiro},
	Pages = {590-624},
	Publisher = {Oxford University Press},
	Title = {Predicativity},
	Year = {2005}}

@inproceedings{Fogarty:2007,
	Acmid = {1244400},
	Address = {New York, NY, USA},
	Author = {S. Fogarty and E. Pasalic and J. Siek and W. Taha},
	Booktitle = {Proceedings of the 2007 ACM SIGPLAN symposium on Partial evaluation and semantics-based program manipulation},
	Date-Added = {2012-01-06 14:23:38 -0600},
	Date-Modified = {2012-01-06 14:23:44 -0600},
	Doi = {http://doi.acm.org/10.1145/1244381.1244400},
	Isbn = {978-1-59593-620-2},
	Location = {Nice, France},
	Numpages = {10},
	Pages = {112--121},
	Publisher = {ACM},
	Series = {PEPM '07},
	Title = {Concoqtion: indexed types now!},
	Url = {http://doi.acm.org/10.1145/1244381.1244400},
	Year = {2007},
	Bdsk-File-1 = {YnBsaXN0MDDUAQIDBAUIJidUJHRvcFgkb2JqZWN0c1gkdmVyc2lvblkkYXJjaGl2ZXLRBgdUcm9vdIABqAkKFRYXGyIjVSRudWxs0wsMDQ4RFFpOUy5vYmplY3RzV05TLmtleXNWJGNsYXNzog8QgASABqISE4ACgAOAB1lhbGlhc0RhdGFccmVsYXRpdmVQYXRo0hgNGRpXTlMuZGF0YU8RAbwAAAAAAbwAAgAADE1hY2ludG9zaCBIRAAAAAAAAAAAAAAAAAAAAMe4bklIKwAAAA/xIQ9Gb2dhcnR5MjAwNy5wZGYAAAAAAAAAAAAAAAAAAAAAAAAAAAAAAAAAAAAAAAAAAAAAAAAAAAAAAAAAAAAAAAAGpRl8yyy0dwAAAAAAAAAAAAEAAgAACSAAAAAAAAAAAAAAAAAAAAAKcmVmZXJlbmNlcwAQAAgAAMe4wqkAAAARAAgAAMstCNcAAAABABgAD/EhAA/xHgAP0GYACEn7AAhJ7gAAkjsAAgBLTWFjaW50b3NoIEhEOlVzZXJzOmhkZTpEb2N1bWVudHM6c2Nob29sOlJlc2VhcmNoOnJlZmVyZW5jZXM6Rm9nYXJ0eTIwMDcucGRmAAAOACAADwBGAG8AZwBhAHIAdAB5ADIAMAAwADcALgBwAGQAZgAPABoADABNAGEAYwBpAG4AdABvAHMAaAAgAEgARAASAD5Vc2Vycy9oZGUvRG9jdW1lbnRzL3NjaG9vbC9SZXNlYXJjaC9yZWZlcmVuY2VzL0ZvZ2FydHkyMDA3LnBkZgATAAEvAAAVAAIACv//AACABdIcHR4fWCRjbGFzc2VzWiRjbGFzc25hbWWjHyAhXU5TTXV0YWJsZURhdGFWTlNEYXRhWE5TT2JqZWN0XxAPRm9nYXJ0eTIwMDcucGRm0hwdJCWiJSFcTlNEaWN0aW9uYXJ5EgABhqBfEA9OU0tleWVkQXJjaGl2ZXIACAARABYAHwAoADIANQA6ADwARQBLAFIAXQBlAGwAbwBxAHMAdgB4AHoAfACGAJMAmACgAmACYgJnAnACewJ/Ao0ClAKdAq8CtAK3AsQCyQAAAAAAAAIBAAAAAAAAACgAAAAAAAAAAAAAAAAAAALb}}

@misc{Geuvers:2009,
	Author = {H. Geuvers and G. Nijmegen},
	Date-Added = {2011-05-08 10:47:56 -0500},
	Date-Modified = {2011-05-08 10:48:29 -0500},
	Month = {Feburary},
	Read = {1},
	Title = {Proof Assistants: history, ideas and future},
	Year = {2009},
	Bdsk-File-1 = {YnBsaXN0MDDUAQIDBAUIJidUJHRvcFgkb2JqZWN0c1gkdmVyc2lvblkkYXJjaGl2ZXLRBgdUcm9vdIABqAkKFRYXGyIjVSRudWxs0wsMDQ4RFFpOUy5vYmplY3RzV05TLmtleXNWJGNsYXNzog8QgASABqISE4ACgAOAB1lhbGlhc0RhdGFccmVsYXRpdmVQYXRo0hgNGRpXTlMuZGF0YU8RAbwAAAAAAbwAAgAADE1hY2ludG9zaCBIRAAAAAAAAAAAAAAAAAAAAMe4bklIKwAAAA/xIQ9HZXV2ZXJzMjAwOS5wZGYAAAAAAAAAAAAAAAAAAAAAAAAAAAAAAAAAAAAAAAAAAAAAAAAAAAAAAAAAAAAAAAADxW6myewM6QAAAAAAAAAAAAEAAgAACSAAAAAAAAAAAAAAAAAAAAAKcmVmZXJlbmNlcwAQAAgAAMe4wqkAAAARAAgAAMnsUzkAAAABABgAD/EhAA/xHgAP0GYACEn7AAhJ7gAAkjsAAgBLTWFjaW50b3NoIEhEOlVzZXJzOmhkZTpEb2N1bWVudHM6c2Nob29sOlJlc2VhcmNoOnJlZmVyZW5jZXM6R2V1dmVyczIwMDkucGRmAAAOACAADwBHAGUAdQB2AGUAcgBzADIAMAAwADkALgBwAGQAZgAPABoADABNAGEAYwBpAG4AdABvAHMAaAAgAEgARAASAD5Vc2Vycy9oZGUvRG9jdW1lbnRzL3NjaG9vbC9SZXNlYXJjaC9yZWZlcmVuY2VzL0dldXZlcnMyMDA5LnBkZgATAAEvAAAVAAIACv//AACABdIcHR4fWCRjbGFzc2VzWiRjbGFzc25hbWWjHyAhXU5TTXV0YWJsZURhdGFWTlNEYXRhWE5TT2JqZWN0XxAPR2V1dmVyczIwMDkucGRm0hwdJCWiJSFcTlNEaWN0aW9uYXJ5EgABhqBfEA9OU0tleWVkQXJjaGl2ZXIACAARABYAHwAoADIANQA6ADwARQBLAFIAXQBlAGwAbwBxAHMAdgB4AHoAfACGAJMAmACgAmACYgJnAnACewJ/Ao0ClAKdAq8CtAK3AsQCyQAAAAAAAAIBAAAAAAAAACgAAAAAAAAAAAAAAAAAAALb}}


@phdthesis{Girard:1971,
	Author = {J. Girard},
	Date-Added = {2012-09-03 17:22:01 -0500},
	Date-Modified = {2012-09-03 17:22:58 -0500},
	School = {Universit{\'e} Paris VII},
	Title = {Interpr{\'e}tation fonctionnelle et {\'e}limination des coupures de l'arithm{\'e}tique d'ordre sup{\'e}rieur},
	Year = {1971}}

@book{Girard:1989,
	Author = {J. Girard and Y. Lafont and P. Taylor},
	Citeulike-Article-Id = {1585200},
	Citeulike-Linkout-0 = {http://www.amazon.ca/exec/obidos/redirect?tag=citeulike09-20\&amp;path=ASIN/0521371813},
	Citeulike-Linkout-1 = {http://www.amazon.de/exec/obidos/redirect?tag=citeulike01-21\&amp;path=ASIN/0521371813},
	Citeulike-Linkout-2 = {http://www.amazon.fr/exec/obidos/redirect?tag=citeulike06-21\&amp;path=ASIN/0521371813},
	Citeulike-Linkout-3 = {http://www.amazon.co.uk/exec/obidos/ASIN/0521371813/citeulike00-21},
	Citeulike-Linkout-4 = {http://www.amazon.com/exec/obidos/redirect?tag=citeulike07-20\&path=ASIN/0521371813},
	Citeulike-Linkout-5 = {http://www.worldcat.org/isbn/0521371813},
	Citeulike-Linkout-6 = {http://books.google.com/books?vid=ISBN0521371813},
	Citeulike-Linkout-7 = {http://www.amazon.com/gp/search?keywords=0521371813\&index=books\&linkCode=qs},
	Citeulike-Linkout-8 = {http://www.librarything.com/isbn/0521371813},
	Date-Added = {2010-05-02 18:48:45 -0500},
	Date-Modified = {2011-12-12 16:51:34 -0600},
	Day = {28},
	Howpublished = {Hardcover},
	Isbn = {0521371813},
	Keywords = {computer-science, inductive-types, lambda-calculus, logic, type-theory},
	Month = {April},
	Posted-At = {2008-11-07 14:17:41},
	Priority = {0},
	Publisher = {{Cambridge University Press}},
	Read = {1},
	Title = {Proofs and Types (Cambridge Tracts in Theoretical Computer Science)},
	Url = {http://www.amazon.com/exec/obidos/redirect?tag=citeulike07-20\&path=ASIN/0521371813},
	Year = {1989},
	Bdsk-File-1 = {YnBsaXN0MDDUAQIDBAUIJidUJHRvcFgkb2JqZWN0c1gkdmVyc2lvblkkYXJjaGl2ZXLRBgdUcm9vdIABqAkKFRYXGyIjVSRudWxs0wsMDQ4RFFpOUy5vYmplY3RzV05TLmtleXNWJGNsYXNzog8QgASABqISE4ACgAOAB1lhbGlhc0RhdGFccmVsYXRpdmVQYXRo0hgNGRpXTlMuZGF0YU8RAcwAAAAAAcwAAgAADE1hY2ludG9zaCBIRAAAAAAAAAAAAAAAAAAAAMe4bklIKwAAAA/xIRNwcm9vZl9hbmRfdHlwZXMucGRmAAAAAAAAAAAAAAAAAAAAAAAAAAAAAAAAAAAAAAAAAAAAAAAAAAAAAAAAAAAAEumUx/30DwAAAAAAAAAAAAEAAgAACSAAAAAAAAAAAAAAAAAAAAAKcmVmZXJlbmNlcwAQAAgAAMe4wqkAAAARAAgAAMf+Ol8AAAABABgAD/EhAA/xHgAP0GYACEn7AAhJ7gAAkjsAAgBPTWFjaW50b3NoIEhEOlVzZXJzOmhkZTpEb2N1bWVudHM6c2Nob29sOlJlc2VhcmNoOnJlZmVyZW5jZXM6cHJvb2ZfYW5kX3R5cGVzLnBkZgAADgAoABMAcAByAG8AbwBmAF8AYQBuAGQAXwB0AHkAcABlAHMALgBwAGQAZgAPABoADABNAGEAYwBpAG4AdABvAHMAaAAgAEgARAASAEJVc2Vycy9oZGUvRG9jdW1lbnRzL3NjaG9vbC9SZXNlYXJjaC9yZWZlcmVuY2VzL3Byb29mX2FuZF90eXBlcy5wZGYAEwABLwAAFQACAAr//wAAgAXSHB0eH1gkY2xhc3Nlc1okY2xhc3NuYW1lox8gIV1OU011dGFibGVEYXRhVk5TRGF0YVhOU09iamVjdF8QE3Byb29mX2FuZF90eXBlcy5wZGbSHB0kJaIlIVxOU0RpY3Rpb25hcnkSAAGGoF8QD05TS2V5ZWRBcmNoaXZlcgAIABEAFgAfACgAMgA1ADoAPABFAEsAUgBdAGUAbABvAHEAcwB2AHgAegB8AIYAkwCYAKACcAJyAncCgAKLAo8CnQKkAq0CwwLIAssC2ALdAAAAAAAAAgEAAAAAAAAAKAAAAAAAAAAAAAAAAAAAAu8=}}

@techreport{Harper:1998,
	Author = {R. Harper and C. Stone},
	Date-Added = {2012-01-06 13:26:49 -0600},
	Date-Modified = {2012-01-06 13:28:30 -0600},
	Institution = {Carnegie Mellon University},
	Number = {898},
	Title = {A Type-Theoretic Interpretation of Standard ML},
	Type = {Book Chapter},
	Year = {1998},
	Bdsk-File-1 = {YnBsaXN0MDDUAQIDBAUIJidUJHRvcFgkb2JqZWN0c1gkdmVyc2lvblkkYXJjaGl2ZXLRBgdUcm9vdIABqAkKFRYXGyIjVSRudWxs0wsMDQ4RFFpOUy5vYmplY3RzV05TLmtleXNWJGNsYXNzog8QgASABqISE4ACgAOAB1lhbGlhc0RhdGFccmVsYXRpdmVQYXRo0hgNGRpXTlMuZGF0YU8RAbgAAAAAAbgAAgAADE1hY2ludG9zaCBIRAAAAAAAAAAAAAAAAAAAAMe4bklIKwAAAA/xIQ5IYXJwZXIxOTk4LnBkZgAAAAAAAAAAAAAAAAAAAAAAAAAAAAAAAAAAAAAAAAAAAAAAAAAAAAAAAAAAAAAAAAAGpQVRyyym8gAAAAAAAAAAAAEAAgAACSAAAAAAAAAAAAAAAAAAAAAKcmVmZXJlbmNlcwAQAAgAAMe4wqkAAAARAAgAAMss+1IAAAABABgAD/EhAA/xHgAP0GYACEn7AAhJ7gAAkjsAAgBKTWFjaW50b3NoIEhEOlVzZXJzOmhkZTpEb2N1bWVudHM6c2Nob29sOlJlc2VhcmNoOnJlZmVyZW5jZXM6SGFycGVyMTk5OC5wZGYADgAeAA4ASABhAHIAcABlAHIAMQA5ADkAOAAuAHAAZABmAA8AGgAMAE0AYQBjAGkAbgB0AG8AcwBoACAASABEABIAPVVzZXJzL2hkZS9Eb2N1bWVudHMvc2Nob29sL1Jlc2VhcmNoL3JlZmVyZW5jZXMvSGFycGVyMTk5OC5wZGYAABMAAS8AABUAAgAK//8AAIAF0hwdHh9YJGNsYXNzZXNaJGNsYXNzbmFtZaMfICFdTlNNdXRhYmxlRGF0YVZOU0RhdGFYTlNPYmplY3ReSGFycGVyMTk5OC5wZGbSHB0kJaIlIVxOU0RpY3Rpb25hcnkSAAGGoF8QD05TS2V5ZWRBcmNoaXZlcgAIABEAFgAfACgAMgA1ADoAPABFAEsAUgBdAGUAbABvAHEAcwB2AHgAegB8AIYAkwCYAKACXAJeAmMCbAJ3AnsCiQKQApkCqAKtArACvQLCAAAAAAAAAgEAAAAAAAAAKAAAAAAAAAAAAAAAAAAAAtQ=}}


@book{Heijenoort:1967,
	Author = {J. Heijenoort},
	Date-Added = {2012-02-16 06:56:43 -0600},
	Date-Modified = {2012-02-16 06:57:09 -0600},
	Isbn = {9780674324497},
	Lccn = {67010905},
	Publisher = {Harvard University Press},
	Read = {1},
	Series = {Source books in the history of the sciences},
	Title = {From Frege to G{\"o}del: a source book in mathematical logic, 1879-1931},
	Year = {1967}}

@book{Hintikka:1995,
	Author = {J. Hintikka},
	Date-Added = {2012-02-16 06:53:34 -0600},
	Date-Modified = {2012-02-16 06:54:20 -0600},
	Isbn = {9780792334842},
	Lccn = {95016293},
	Publisher = {Kluwer Academic Publishers},
	Read = {1},
	Series = {Synthese library},
	Title = {From Dedekind to G{\"o}del: essays on the development of the foundations of mathematics},
	Year = {1995}}

@unpublished{Howard:1980,
	Author = {W.Howard},
	Date-Added = {2011-04-19 16:18:54 -0500},
	Date-Modified = {2011-04-19 19:34:49 -0500},
	Read = {1},
	Title = {The Formulae-as-Types Notion of Construction},
	Year = {1969-1980},
	Bdsk-File-1 = {YnBsaXN0MDDUAQIDBAUIJidUJHRvcFgkb2JqZWN0c1gkdmVyc2lvblkkYXJjaGl2ZXLRBgdUcm9vdIABqAkKFRYXGyIjVSRudWxs0wsMDQ4RFFpOUy5vYmplY3RzV05TLmtleXNWJGNsYXNzog8QgASABqISE4ACgAOAB1lhbGlhc0RhdGFccmVsYXRpdmVQYXRo0hgNGRpXTlMuZGF0YU8RAbgAAAAAAbgAAgAADE1hY2ludG9zaCBIRAAAAAAAAAAAAAAAAAAAAMe4bklIKwAAAA/xIQ5Ib3dhcmQxOTgwLnBkZgAAAAAAAAAAAAAAAAAAAAAAAAAAAAAAAAAAAAAAAAAAAAAAAAAAAAAAAAAAAAAAAAACmpr6ydNmXQAAAAAAAAAAAAEAAgAACSAAAAAAAAAAAAAAAAAAAAAKcmVmZXJlbmNlcwAQAAgAAMe4wqkAAAARAAgAAMnTrK0AAAABABgAD/EhAA/xHgAP0GYACEn7AAhJ7gAAkjsAAgBKTWFjaW50b3NoIEhEOlVzZXJzOmhkZTpEb2N1bWVudHM6c2Nob29sOlJlc2VhcmNoOnJlZmVyZW5jZXM6SG93YXJkMTk4MC5wZGYADgAeAA4ASABvAHcAYQByAGQAMQA5ADgAMAAuAHAAZABmAA8AGgAMAE0AYQBjAGkAbgB0AG8AcwBoACAASABEABIAPVVzZXJzL2hkZS9Eb2N1bWVudHMvc2Nob29sL1Jlc2VhcmNoL3JlZmVyZW5jZXMvSG93YXJkMTk4MC5wZGYAABMAAS8AABUAAgAK//8AAIAF0hwdHh9YJGNsYXNzZXNaJGNsYXNzbmFtZaMfICFdTlNNdXRhYmxlRGF0YVZOU0RhdGFYTlNPYmplY3ReSG93YXJkMTk4MC5wZGbSHB0kJaIlIVxOU0RpY3Rpb25hcnkSAAGGoF8QD05TS2V5ZWRBcmNoaXZlcgAIABEAFgAfACgAMgA1ADoAPABFAEsAUgBdAGUAbABvAHEAcwB2AHgAegB8AIYAkwCYAKACXAJeAmMCbAJ3AnsCiQKQApkCqAKtArACvQLCAAAAAAAAAgEAAAAAAAAAKAAAAAAAAAAAAAAAAAAAAtQ=}}

@misc{Joachimski:1999,
	Author = {F. Joachimski and R. Matthes},
	Date-Added = {2011-12-11 15:02:23 -0600},
	Date-Modified = {2011-12-11 15:19:38 -0600},
	Read = {1},
	Title = {Short Proofs of Normalization for the simply-typed lambda-calculus, permutative conversions and G{\"o}del's T},
	Year = {1999},
	Bdsk-File-1 = {YnBsaXN0MDDUAQIDBAUIJidUJHRvcFgkb2JqZWN0c1gkdmVyc2lvblkkYXJjaGl2ZXLRBgdUcm9vdIABqAkKFRYXGyIjVSRudWxs0wsMDQ4RFFpOUy5vYmplY3RzV05TLmtleXNWJGNsYXNzog8QgASABqISE4ACgAOAB1lhbGlhc0RhdGFccmVsYXRpdmVQYXRo0hgNGRpXTlMuZGF0YU8RAcgAAAAAAcgAAgAADE1hY2ludG9zaCBIRAAAAAAAAAAAAAAAAAAAAMe4bklIKwAAAA/xIRJKb2FjaGltc2tpMTk5OS5wZGYAAAAAAAAAAAAAAAAAAAAAAAAAAAAAAAAAAAAAAAAAAAAAAAAAAAAAAAAAAAAGcdL+ywp2lgAAAAAAAAAAAAEAAgAACSAAAAAAAAAAAAAAAAAAAAAKcmVmZXJlbmNlcwAQAAgAAMe4wqkAAAARAAgAAMsKyvYAAAABABgAD/EhAA/xHgAP0GYACEn7AAhJ7gAAkjsAAgBOTWFjaW50b3NoIEhEOlVzZXJzOmhkZTpEb2N1bWVudHM6c2Nob29sOlJlc2VhcmNoOnJlZmVyZW5jZXM6Sm9hY2hpbXNraTE5OTkucGRmAA4AJgASAEoAbwBhAGMAaABpAG0AcwBrAGkAMQA5ADkAOQAuAHAAZABmAA8AGgAMAE0AYQBjAGkAbgB0AG8AcwBoACAASABEABIAQVVzZXJzL2hkZS9Eb2N1bWVudHMvc2Nob29sL1Jlc2VhcmNoL3JlZmVyZW5jZXMvSm9hY2hpbXNraTE5OTkucGRmAAATAAEvAAAVAAIACv//AACABdIcHR4fWCRjbGFzc2VzWiRjbGFzc25hbWWjHyAhXU5TTXV0YWJsZURhdGFWTlNEYXRhWE5TT2JqZWN0XxASSm9hY2hpbXNraTE5OTkucGRm0hwdJCWiJSFcTlNEaWN0aW9uYXJ5EgABhqBfEA9OU0tleWVkQXJjaGl2ZXIACAARABYAHwAoADIANQA6ADwARQBLAFIAXQBlAGwAbwBxAHMAdgB4AHoAfACGAJMAmACgAmwCbgJzAnwChwKLApkCoAKpAr4CwwLGAtMC2AAAAAAAAAIBAAAAAAAAACgAAAAAAAAAAAAAAAAAAALq}}

@inproceedings{Jones:2006,
	Acmid = {1159811},
	Address = {New York, NY, USA},
	Author = {S. Peyton Jones and D. Vytiniotiss and S. Weirich and G. Washburn},
	Booktitle = {Proceedings of the eleventh ACM SIGPLAN international conference on Functional programming},
	Date-Added = {2012-01-06 14:27:40 -0600},
	Date-Modified = {2012-01-06 14:27:40 -0600},
	Doi = {http://doi.acm.org/10.1145/1159803.1159811},
	Isbn = {1-59593-309-3},
	Keywords = {generalized algebraic data types, type inference},
	Location = {Portland, Oregon, USA},
	Numpages = {12},
	Pages = {50--61},
	Publisher = {ACM},
	Series = {ICFP '06},
	Title = {Simple unification-based type inference for GADTs},
	Url = {http://doi.acm.org/10.1145/1159803.1159811},
	Year = {2006},
	Bdsk-File-1 = {YnBsaXN0MDDUAQIDBAUIJidUJHRvcFgkb2JqZWN0c1gkdmVyc2lvblkkYXJjaGl2ZXLRBgdUcm9vdIABqAkKFRYXGyIjVSRudWxs0wsMDQ4RFFpOUy5vYmplY3RzV05TLmtleXNWJGNsYXNzog8QgASABqISE4ACgAOAB1lhbGlhc0RhdGFccmVsYXRpdmVQYXRo0hgNGRpXTlMuZGF0YU8RAbQAAAAAAbQAAgAADE1hY2ludG9zaCBIRAAAAAAAAAAAAAAAAAAAAMe4bklIKwAAAA/xIQ1Kb25lczIwMDYucGRmAAAAAAAAAAAAAAAAAAAAAAAAAAAAAAAAAAAAAAAAAAAAAAAAAAAAAAAAAAAAAAAAAAAGpRsUyyy1aQAAAAAAAAAAAAEAAgAACSAAAAAAAAAAAAAAAAAAAAAKcmVmZXJlbmNlcwAQAAgAAMe4wqkAAAARAAgAAMstCckAAAABABgAD/EhAA/xHgAP0GYACEn7AAhJ7gAAkjsAAgBJTWFjaW50b3NoIEhEOlVzZXJzOmhkZTpEb2N1bWVudHM6c2Nob29sOlJlc2VhcmNoOnJlZmVyZW5jZXM6Sm9uZXMyMDA2LnBkZgAADgAcAA0ASgBvAG4AZQBzADIAMAAwADYALgBwAGQAZgAPABoADABNAGEAYwBpAG4AdABvAHMAaAAgAEgARAASADxVc2Vycy9oZGUvRG9jdW1lbnRzL3NjaG9vbC9SZXNlYXJjaC9yZWZlcmVuY2VzL0pvbmVzMjAwNi5wZGYAEwABLwAAFQACAAr//wAAgAXSHB0eH1gkY2xhc3Nlc1okY2xhc3NuYW1lox8gIV1OU011dGFibGVEYXRhVk5TRGF0YVhOU09iamVjdF1Kb25lczIwMDYucGRm0hwdJCWiJSFcTlNEaWN0aW9uYXJ5EgABhqBfEA9OU0tleWVkQXJjaGl2ZXIACAARABYAHwAoADIANQA6ADwARQBLAFIAXQBlAGwAbwBxAHMAdgB4AHoAfACGAJMAmACgAlgCWgJfAmgCcwJ3AoUCjAKVAqMCqAKrArgCvQAAAAAAAAIBAAAAAAAAACgAAAAAAAAAAAAAAAAAAALP}}

@inproceedings{Keller:2010,
	Acmid = {1863601},
	Address = {New York, NY, USA},
	Author = {C. Keller and T. Altenkirch},
	Booktitle = {Proceedings of the third ACM SIGPLAN workshop on Mathematically structured functional programming},
	Date-Added = {2011-12-12 16:22:04 -0600},
	Date-Modified = {2011-12-12 16:22:10 -0600},
	Doi = {http://doi.acm.org/10.1145/1863597.1863601},
	Isbn = {978-1-4503-0255-5},
	Keywords = {decidability of {\$\beta\$}\&\#951;-equality, hereditary substitutions, normalizer, type theory},
	Location = {Baltimore, Maryland, USA},
	Numpages = {8},
	Pages = {3--10},
	Publisher = {ACM},
	Series = {MSFP '10},
	Title = {Hereditary substitutions for simple types, formalized},
	Url = {http://doi.acm.org/10.1145/1863597.1863601},
	Year = {2010},
	Bdsk-File-1 = {YnBsaXN0MDDUAQIDBAUIJidUJHRvcFgkb2JqZWN0c1gkdmVyc2lvblkkYXJjaGl2ZXLRBgdUcm9vdIABqAkKFRYXGyIjVSRudWxs0wsMDQ4RFFpOUy5vYmplY3RzV05TLmtleXNWJGNsYXNzog8QgASABqISE4ACgAOAB1lhbGlhc0RhdGFccmVsYXRpdmVQYXRo0hgNGRpXTlMuZGF0YU8RAbgAAAAAAbgAAgAADE1hY2ludG9zaCBIRAAAAAAAAAAAAAAAAAAAAMe4bklIKwAAAA/xIQ5LZWxsZXIyMDEwLnBkZgAAAAAAAAAAAAAAAAAAAAAAAAAAAAAAAAAAAAAAAAAAAAAAAAAAAAAAAAAAAAAAAAAGcx78ywva0QAAAAAAAAAAAAEAAgAACSAAAAAAAAAAAAAAAAAAAAAKcmVmZXJlbmNlcwAQAAgAAMe4wqkAAAARAAgAAMsMLzEAAAABABgAD/EhAA/xHgAP0GYACEn7AAhJ7gAAkjsAAgBKTWFjaW50b3NoIEhEOlVzZXJzOmhkZTpEb2N1bWVudHM6c2Nob29sOlJlc2VhcmNoOnJlZmVyZW5jZXM6S2VsbGVyMjAxMC5wZGYADgAeAA4ASwBlAGwAbABlAHIAMgAwADEAMAAuAHAAZABmAA8AGgAMAE0AYQBjAGkAbgB0AG8AcwBoACAASABEABIAPVVzZXJzL2hkZS9Eb2N1bWVudHMvc2Nob29sL1Jlc2VhcmNoL3JlZmVyZW5jZXMvS2VsbGVyMjAxMC5wZGYAABMAAS8AABUAAgAK//8AAIAF0hwdHh9YJGNsYXNzZXNaJGNsYXNzbmFtZaMfICFdTlNNdXRhYmxlRGF0YVZOU0RhdGFYTlNPYmplY3ReS2VsbGVyMjAxMC5wZGbSHB0kJaIlIVxOU0RpY3Rpb25hcnkSAAGGoF8QD05TS2V5ZWRBcmNoaXZlcgAIABEAFgAfACgAMgA1ADoAPABFAEsAUgBdAGUAbABvAHEAcwB2AHgAegB8AIYAkwCYAKACXAJeAmMCbAJ3AnsCiQKQApkCqAKtArACvQLCAAAAAAAAAgEAAAAAAAAAKAAAAAAAAAAAAAAAAAAAAtQ=}}

@article{Kleene:1935,
	Author = {S. Kleene and J. Rosser},
	Copyright = {Copyright {\copyright} 1935 Annals of Mathematics},
	Date-Added = {2012-02-19 19:24:03 -0600},
	Date-Modified = {2012-02-19 19:30:43 -0600},
	Issn = {0003486X},
	Journal = {The Annals of Mathematics},
	Jstor_Articletype = {research-article},
	Jstor_Formatteddate = {Jul., 1935},
	Language = {English},
	Number = {3},
	Pages = {pp. 630-636},
	Publisher = {Annals of Mathematics},
	Read = {1},
	Series = {Second Series},
	Title = {The Inconsistency of Certain Formal Logics},
	Url = {http://www.jstor.org/stable/1968646},
	Volume = {36},
	Year = {1935},
	Bdsk-File-1 = {YnBsaXN0MDDUAQIDBAUIJidUJHRvcFgkb2JqZWN0c1gkdmVyc2lvblkkYXJjaGl2ZXLRBgdUcm9vdIABqAkKFRYXGyIjVSRudWxs0wsMDQ4RFFpOUy5vYmplY3RzV05TLmtleXNWJGNsYXNzog8QgASABqISE4ACgAOAB1lhbGlhc0RhdGFccmVsYXRpdmVQYXRo0hgNGRpXTlMuZGF0YU8RAbgAAAAAAbgAAgAADE1hY2ludG9zaCBIRAAAAAAAAAAAAAAAAAAAAMe4bklIKwAAAA/xIQ5LbGVlbmUxOTM1LnBkZgAAAAAAAAAAAAAAAAAAAAAAAAAAAAAAAAAAAAAAAAAAAAAAAAAAAAAAAAAAAAAAAAAGzT7Ay2b8/wAAAAAAAAAAAAEAAgAACSAAAAAAAAAAAAAAAAAAAAAKcmVmZXJlbmNlcwAQAAgAAMe4wqkAAAARAAgAAMtnUV8AAAABABgAD/EhAA/xHgAP0GYACEn7AAhJ7gAAkjsAAgBKTWFjaW50b3NoIEhEOlVzZXJzOmhkZTpEb2N1bWVudHM6c2Nob29sOlJlc2VhcmNoOnJlZmVyZW5jZXM6S2xlZW5lMTkzNS5wZGYADgAeAA4ASwBsAGUAZQBuAGUAMQA5ADMANQAuAHAAZABmAA8AGgAMAE0AYQBjAGkAbgB0AG8AcwBoACAASABEABIAPVVzZXJzL2hkZS9Eb2N1bWVudHMvc2Nob29sL1Jlc2VhcmNoL3JlZmVyZW5jZXMvS2xlZW5lMTkzNS5wZGYAABMAAS8AABUAAgAK//8AAIAF0hwdHh9YJGNsYXNzZXNaJGNsYXNzbmFtZaMfICFdTlNNdXRhYmxlRGF0YVZOU0RhdGFYTlNPYmplY3ReS2xlZW5lMTkzNS5wZGbSHB0kJaIlIVxOU0RpY3Rpb25hcnkSAAGGoF8QD05TS2V5ZWRBcmNoaXZlcgAIABEAFgAfACgAMgA1ADoAPABFAEsAUgBdAGUAbABvAHEAcwB2AHgAegB8AIYAkwCYAKACXAJeAmMCbAJ3AnsCiQKQApkCqAKtArACvQLCAAAAAAAAAgEAAAAAAAAAKAAAAAAAAAAAAAAAAAAAAtQ=}}

@article{Klein:2003,
	Acmid = {773699},
	Address = {Essex, UK},
	Author = {G. Klein and T. Nipkow},
	Date-Added = {2012-01-06 13:29:52 -0600},
	Date-Modified = {2012-01-06 13:32:02 -0600},
	Doi = {10.1016/S0304-3975(02)00869-1},
	Issn = {0304-3975},
	Issue = {3},
	Journal = {Theor. Comput. Sci.},
	Keywords = {Java, bytecode verification, data flow analysis, object initialization, theorem proving},
	Month = {April},
	Numpages = {44},
	Pages = {583--626},
	Publisher = {Elsevier Science Publishers Ltd.},
	Title = {Verified bytecode verifiers},
	Url = {http://dl.acm.org/citation.cfm?id=773691.773699},
	Volume = {298},
	Year = {2003},
	Bdsk-File-1 = {YnBsaXN0MDDUAQIDBAUIJidUJHRvcFgkb2JqZWN0c1gkdmVyc2lvblkkYXJjaGl2ZXLRBgdUcm9vdIABqAkKFRYXGyIjVSRudWxs0wsMDQ4RFFpOUy5vYmplY3RzV05TLmtleXNWJGNsYXNzog8QgASABqISE4ACgAOAB1lhbGlhc0RhdGFccmVsYXRpdmVQYXRo0hgNGRpXTlMuZGF0YU8RAbQAAAAAAbQAAgAADE1hY2ludG9zaCBIRAAAAAAAAAAAAAAAAAAAAMe4bklIKwAAAA/xIQ1LbGVpbjIwMDMucGRmAAAAAAAAAAAAAAAAAAAAAAAAAAAAAAAAAAAAAAAAAAAAAAAAAAAAAAAAAAAAAAAAAAAGpQcYyyyocwAAAAAAAAAAAAEAAgAACSAAAAAAAAAAAAAAAAAAAAAKcmVmZXJlbmNlcwAQAAgAAMe4wqkAAAARAAgAAMss/NMAAAABABgAD/EhAA/xHgAP0GYACEn7AAhJ7gAAkjsAAgBJTWFjaW50b3NoIEhEOlVzZXJzOmhkZTpEb2N1bWVudHM6c2Nob29sOlJlc2VhcmNoOnJlZmVyZW5jZXM6S2xlaW4yMDAzLnBkZgAADgAcAA0ASwBsAGUAaQBuADIAMAAwADMALgBwAGQAZgAPABoADABNAGEAYwBpAG4AdABvAHMAaAAgAEgARAASADxVc2Vycy9oZGUvRG9jdW1lbnRzL3NjaG9vbC9SZXNlYXJjaC9yZWZlcmVuY2VzL0tsZWluMjAwMy5wZGYAEwABLwAAFQACAAr//wAAgAXSHB0eH1gkY2xhc3Nlc1okY2xhc3NuYW1lox8gIV1OU011dGFibGVEYXRhVk5TRGF0YVhOU09iamVjdF1LbGVpbjIwMDMucGRm0hwdJCWiJSFcTlNEaWN0aW9uYXJ5EgABhqBfEA9OU0tleWVkQXJjaGl2ZXIACAARABYAHwAoADIANQA6ADwARQBLAFIAXQBlAGwAbwBxAHMAdgB4AHoAfACGAJMAmACgAlgCWgJfAmgCcwJ3AoUCjAKVAqMCqAKrArgCvQAAAAAAAAIBAAAAAAAAACgAAAAAAAAAAAAAAAAAAALP}}

                  
@inproceedings{Klein:2012,
	Acmid = {2103691},
	Address = {New York, NY, USA},
	Author = {C. Klein and J. Clements and C. Dimoulas and C. Eastlund and M. Felleisen and M. Flatt and J. McCarthy and J. Rafkind and S. Tobin-Hochstadt and R. Findler},
	Booktitle = {Proceedings of the 39th annual ACM SIGPLAN-SIGACT symposium on Principles of programming languages},
	Date-Added = {2012-09-10 13:19:27 -0500},
	Date-Modified = {2012-09-10 13:20:08 -0500},
	Doi = {10.1145/2103656.2103691},
	Isbn = {978-1-4503-1083-3},
	Keywords = {lightweight semantics engineering},
	Location = {Philadelphia, PA, USA},
	Numpages = {12},
	Pages = {285--296},
	Publisher = {ACM},
	Read = {1},
	Series = {POPL '12},
	Title = {Run your research: on the effectiveness of lightweight mechanization},
	Url = {http://doi.acm.org/10.1145/2103656.2103691},
	Year = {2012}}


@article{Leivant:1991,
	Address = {Duluth, MN, USA},
	Author = {D. Leivant},
	Date-Modified = {2010-04-30 14:52:23 -0500},
	Doi = {http://dx.doi.org/10.1016/0890-5401(91)90053-5},
	Issn = {0890-5401},
	Journal = {Inf. Comput.},
	Number = {1},
	Pages = {93--113},
	Publisher = {Academic Press, Inc.},
	Read = {1},
	Title = {Finitely stratified polymorphism},
	Volume = {93},
	Year = {1991},
	Bdsk-File-1 = {YnBsaXN0MDDUAQIDBAUIJidUJHRvcFgkb2JqZWN0c1gkdmVyc2lvblkkYXJjaGl2ZXLRBgdUcm9vdIABqAkKFRYXGyIjVSRudWxs0wsMDQ4RFFpOUy5vYmplY3RzV05TLmtleXNWJGNsYXNzog8QgASABqISE4ACgAOAB1lhbGlhc0RhdGFccmVsYXRpdmVQYXRo0hgNGRpXTlMuZGF0YU8RAbwAAAAAAbwAAgAADE1hY2ludG9zaCBIRAAAAAAAAAAAAAAAAAAAAMe4bklIKwAAAA/xIQ9MZWl2YW50MTk5MS5wZGYAAAAAAAAAAAAAAAAAAAAAAAAAAAAAAAAAAAAAAAAAAAAAAAAAAAAAAAAAAAAAAAAE7R4cyiOSxAAAAAAAAAAAAAEAAgAACSAAAAAAAAAAAAAAAAAAAAAKcmVmZXJlbmNlcwAQAAgAAMe4wqkAAAARAAgAAMoj2RQAAAABABgAD/EhAA/xHgAP0GYACEn7AAhJ7gAAkjsAAgBLTWFjaW50b3NoIEhEOlVzZXJzOmhkZTpEb2N1bWVudHM6c2Nob29sOlJlc2VhcmNoOnJlZmVyZW5jZXM6TGVpdmFudDE5OTEucGRmAAAOACAADwBMAGUAaQB2AGEAbgB0ADEAOQA5ADEALgBwAGQAZgAPABoADABNAGEAYwBpAG4AdABvAHMAaAAgAEgARAASAD5Vc2Vycy9oZGUvRG9jdW1lbnRzL3NjaG9vbC9SZXNlYXJjaC9yZWZlcmVuY2VzL0xlaXZhbnQxOTkxLnBkZgATAAEvAAAVAAIACv//AACABdIcHR4fWCRjbGFzc2VzWiRjbGFzc25hbWWjHyAhXU5TTXV0YWJsZURhdGFWTlNEYXRhWE5TT2JqZWN0XxAPTGVpdmFudDE5OTEucGRm0hwdJCWiJSFcTlNEaWN0aW9uYXJ5EgABhqBfEA9OU0tleWVkQXJjaGl2ZXIACAARABYAHwAoADIANQA6ADwARQBLAFIAXQBlAGwAbwBxAHMAdgB4AHoAfACGAJMAmACgAmACYgJnAnACewJ/Ao0ClAKdAq8CtAK3AsQCyQAAAAAAAAIBAAAAAAAAACgAAAAAAAAAAAAAAAAAAALb}}

@inproceedings{Leroy:2006,
	Acmid = {1111042},
	Address = {New York, NY, USA},
	Author = {X. Leroy },
	Booktitle = {Conference record of the 33rd ACM SIGPLAN-SIGACT symposium on Principles of programming languages},
	Date-Added = {2012-01-06 13:42:19 -0600},
	Date-Modified = {2012-01-06 13:42:37 -0600},
	Doi = {http://doi.acm.org/10.1145/1111037.1111042},
	Isbn = {1-59593-027-2},
	Keywords = {certified compilation, compiler transformations and optimizations, program proof, semantic preservation, the Coq theorem prover},
	Location = {Charleston, South Carolina, USA},
	Numpages = {13},
	Pages = {42--54},
	Publisher = {ACM},
	Series = {POPL '06},
	Title = {Formal certification of a compiler back-end or: programming a compiler with a proof assistant},
	Url = {http://doi.acm.org/10.1145/1111037.1111042},
	Year = {2006},
	Bdsk-File-1 = {YnBsaXN0MDDUAQIDBAUIJidUJHRvcFgkb2JqZWN0c1gkdmVyc2lvblkkYXJjaGl2ZXLRBgdUcm9vdIABqAkKFRYXGyIjVSRudWxs0wsMDQ4RFFpOUy5vYmplY3RzV05TLmtleXNWJGNsYXNzog8QgASABqISE4ACgAOAB1lhbGlhc0RhdGFccmVsYXRpdmVQYXRo0hgNGRpXTlMuZGF0YU8RAbQAAAAAAbQAAgAADE1hY2ludG9zaCBIRAAAAAAAAAAAAAAAAAAAAMe4bklIKwAAAA/xIQ1MZXJveTIwMDYucGRmAAAAAAAAAAAAAAAAAAAAAAAAAAAAAAAAAAAAAAAAAAAAAAAAAAAAAAAAAAAAAAAAAAAGpQjvyyyqkgAAAAAAAAAAAAEAAgAACSAAAAAAAAAAAAAAAAAAAAAKcmVmZXJlbmNlcwAQAAgAAMe4wqkAAAARAAgAAMss/vIAAAABABgAD/EhAA/xHgAP0GYACEn7AAhJ7gAAkjsAAgBJTWFjaW50b3NoIEhEOlVzZXJzOmhkZTpEb2N1bWVudHM6c2Nob29sOlJlc2VhcmNoOnJlZmVyZW5jZXM6TGVyb3kyMDA2LnBkZgAADgAcAA0ATABlAHIAbwB5ADIAMAAwADYALgBwAGQAZgAPABoADABNAGEAYwBpAG4AdABvAHMAaAAgAEgARAASADxVc2Vycy9oZGUvRG9jdW1lbnRzL3NjaG9vbC9SZXNlYXJjaC9yZWZlcmVuY2VzL0xlcm95MjAwNi5wZGYAEwABLwAAFQACAAr//wAAgAXSHB0eH1gkY2xhc3Nlc1okY2xhc3NuYW1lox8gIV1OU011dGFibGVEYXRhVk5TRGF0YVhOU09iamVjdF1MZXJveTIwMDYucGRm0hwdJCWiJSFcTlNEaWN0aW9uYXJ5EgABhqBfEA9OU0tleWVkQXJjaGl2ZXIACAARABYAHwAoADIANQA6ADwARQBLAFIAXQBlAGwAbwBxAHMAdgB4AHoAfACGAJMAmACgAlgCWgJfAmgCcwJ3AoUCjAKVAqMCqAKrArgCvQAAAAAAAAIBAAAAAAAAACgAAAAAAAAAAAAAAAAAAALP}}

@techreport{Licata:2005,
	Author = {D. Licata and R. Harper},
	Date-Added = {2012-01-06 13:44:44 -0600},
	Date-Modified = {2012-01-06 13:45:05 -0600},
	Institution = {Carnegie Mellon University Department of Computer Science},
	Number = {CMU-CS-05-178},
	Title = {A Formulation of {D}ependent {ML} with Explicit Equality Proofs},
	Year = {2005},
	Bdsk-File-1 = {YnBsaXN0MDDUAQIDBAUIJidUJHRvcFgkb2JqZWN0c1gkdmVyc2lvblkkYXJjaGl2ZXLRBgdUcm9vdIABqAkKFRYXGyIjVSRudWxs0wsMDQ4RFFpOUy5vYmplY3RzV05TLmtleXNWJGNsYXNzog8QgASABqISE4ACgAOAB1lhbGlhc0RhdGFccmVsYXRpdmVQYXRo0hgNGRpXTlMuZGF0YU8RAbgAAAAAAbgAAgAADE1hY2ludG9zaCBIRAAAAAAAAAAAAAAAAAAAAMe4bklIKwAAAA/xIQ5MaWNhdGEyMDA1LnBkZgAAAAAAAAAAAAAAAAAAAAAAAAAAAAAAAAAAAAAAAAAAAAAAAAAAAAAAAAAAAAAAAAAGpQn/yyyrKQAAAAAAAAAAAAEAAgAACSAAAAAAAAAAAAAAAAAAAAAKcmVmZXJlbmNlcwAQAAgAAMe4wqkAAAARAAgAAMss/4kAAAABABgAD/EhAA/xHgAP0GYACEn7AAhJ7gAAkjsAAgBKTWFjaW50b3NoIEhEOlVzZXJzOmhkZTpEb2N1bWVudHM6c2Nob29sOlJlc2VhcmNoOnJlZmVyZW5jZXM6TGljYXRhMjAwNS5wZGYADgAeAA4ATABpAGMAYQB0AGEAMgAwADAANQAuAHAAZABmAA8AGgAMAE0AYQBjAGkAbgB0AG8AcwBoACAASABEABIAPVVzZXJzL2hkZS9Eb2N1bWVudHMvc2Nob29sL1Jlc2VhcmNoL3JlZmVyZW5jZXMvTGljYXRhMjAwNS5wZGYAABMAAS8AABUAAgAK//8AAIAF0hwdHh9YJGNsYXNzZXNaJGNsYXNzbmFtZaMfICFdTlNNdXRhYmxlRGF0YVZOU0RhdGFYTlNPYmplY3ReTGljYXRhMjAwNS5wZGbSHB0kJaIlIVxOU0RpY3Rpb25hcnkSAAGGoF8QD05TS2V5ZWRBcmNoaXZlcgAIABEAFgAfACgAMgA1ADoAPABFAEsAUgBdAGUAbABvAHEAcwB2AHgAegB8AIYAkwCYAKACXAJeAmMCbAJ3AnsCiQKQApkCqAKtArACvQLCAAAAAAAAAgEAAAAAAAAAKAAAAAAAAAAAAAAAAAAAAtQ=}}

@article{Mcbride:2004,
	Author = {C. McBride and J. McKinna},
	Date-Added = {2011-06-01 15:46:14 -0500},
	Date-Modified = {2012-01-06 13:46:34 -0600},
	Journal = {Journal of Functional Programming},
	Number = {1},
	Pages = {69--111},
	Title = {The View from the Left},
	Volume = {14},
	Year = {2004},
	Bdsk-File-1 = {YnBsaXN0MDDUAQIDBAUIJidUJHRvcFgkb2JqZWN0c1gkdmVyc2lvblkkYXJjaGl2ZXLRBgdUcm9vdIABqAkKFRYXGyIjVSRudWxs0wsMDQ4RFFpOUy5vYmplY3RzV05TLmtleXNWJGNsYXNzog8QgASABqISE4ACgAOAB1lhbGlhc0RhdGFccmVsYXRpdmVQYXRo0hgNGRpXTlMuZGF0YU8RAbwAAAAAAbwAAgAADE1hY2ludG9zaCBIRAAAAAAAAAAAAAAAAAAAAMe4bklIKwAAAA/xIQ9NY2JyaWRlMjAwNC5wZGYAAAAAAAAAAAAAAAAAAAAAAAAAAAAAAAAAAAAAAAAAAAAAAAAAAAAAAAAAAAAAAAAEjOntygwPbAAAAAAAAAAAAAEAAgAACSAAAAAAAAAAAAAAAAAAAAAKcmVmZXJlbmNlcwAQAAgAAMe4wqkAAAARAAgAAMoMVbwAAAABABgAD/EhAA/xHgAP0GYACEn7AAhJ7gAAkjsAAgBLTWFjaW50b3NoIEhEOlVzZXJzOmhkZTpEb2N1bWVudHM6c2Nob29sOlJlc2VhcmNoOnJlZmVyZW5jZXM6TWNicmlkZTIwMDQucGRmAAAOACAADwBNAGMAYgByAGkAZABlADIAMAAwADQALgBwAGQAZgAPABoADABNAGEAYwBpAG4AdABvAHMAaAAgAEgARAASAD5Vc2Vycy9oZGUvRG9jdW1lbnRzL3NjaG9vbC9SZXNlYXJjaC9yZWZlcmVuY2VzL01jYnJpZGUyMDA0LnBkZgATAAEvAAAVAAIACv//AACABdIcHR4fWCRjbGFzc2VzWiRjbGFzc25hbWWjHyAhXU5TTXV0YWJsZURhdGFWTlNEYXRhWE5TT2JqZWN0XxAPTWNicmlkZTIwMDQucGRm0hwdJCWiJSFcTlNEaWN0aW9uYXJ5EgABhqBfEA9OU0tleWVkQXJjaGl2ZXIACAARABYAHwAoADIANQA6ADwARQBLAFIAXQBlAGwAbwBxAHMAdgB4AHoAfACGAJMAmACgAmACYgJnAnACewJ/Ao0ClAKdAq8CtAK3AsQCyQAAAAAAAAIBAAAAAAAAACgAAAAAAAAAAAAAAAAAAALb}}

@book{Mendelson:2009,
	Author = {E. Mendelson},
	Date-Added = {2012-02-16 08:02:20 -0600},
	Date-Modified = {2012-02-16 08:02:29 -0600},
	Edition = {5th},
	Isbn = {1584888768, 9781584888765},
	Publisher = {Chapman \& Hall/CRC},
	Read = {1},
	Title = {Introduction to Mathematical Logic},
	Year = {2009}}

@book{Mints:2000,
	Address = {Norwell, MA, USA},
	Author = {G. Mints},
	Date-Added = {2011-04-25 09:27:34 -0500},
	Date-Modified = {2011-05-11 14:50:38 -0500},
	Isbn = {0-306-46394-6},
	Publisher = {Kluwer Academic Publishers},
	Read = {1},
	Title = {A short introduction to intuitionistic logic},
	Year = {2000}}

@inproceedings{Mishra-Linger:2008,
	Acmid = {1792828},
	Address = {H. Berlin},
	Author = {M.-L., Nathan and Sheard, T.},
	Booktitle = {Proceedings of the Theory and practice of software, 11th international conference on Foundations of software science and computational structures},
	Date-Added = {2012-01-06 13:48:09 -0600},
	Date-Modified = {2012-01-06 13:48:22 -0600},
	Isbn = {3-540-78497-7, 978-3-540-78497-5},
	Location = {Budapest, Hungary},
	Numpages = {15},
	Pages = {350--364},
	Publisher = {Springer-Verlag},
	Series = {FOSSACS'08/ETAPS'08},
	Title = {Erasure and polymorphism in pure type systems},
	Url = {http://dl.acm.org/citation.cfm?id=1792803.1792828},
	Year = {2008},
	Bdsk-File-1 = {YnBsaXN0MDDUAQIDBAUIJidUJHRvcFgkb2JqZWN0c1gkdmVyc2lvblkkYXJjaGl2ZXLRBgdUcm9vdIABqAkKFRYXGyIjVSRudWxs0wsMDQ4RFFpOUy5vYmplY3RzV05TLmtleXNWJGNsYXNzog8QgASABqISE4ACgAOAB1lhbGlhc0RhdGFccmVsYXRpdmVQYXRo0hgNGRpXTlMuZGF0YU8RAdQAAAAAAdQAAgAADE1hY2ludG9zaCBIRAAAAAAAAAAAAAAAAAAAAMe4bklIKwAAAA/xIRVNaXNocmEtTGluZ2VyMjAwOC5wZGYAAAAAAAAAAAAAAAAAAAAAAAAAAAAAAAAAAAAAAAAAAAAAAAAAAAAAAAAGpQrUyyyr8AAAAAAAAAAAAAEAAgAACSAAAAAAAAAAAAAAAAAAAAAKcmVmZXJlbmNlcwAQAAgAAMe4wqkAAAARAAgAAMstAFAAAAABABgAD/EhAA/xHgAP0GYACEn7AAhJ7gAAkjsAAgBRTWFjaW50b3NoIEhEOlVzZXJzOmhkZTpEb2N1bWVudHM6c2Nob29sOlJlc2VhcmNoOnJlZmVyZW5jZXM6TWlzaHJhLUxpbmdlcjIwMDgucGRmAAAOACwAFQBNAGkAcwBoAHIAYQAtAEwAaQBuAGcAZQByADIAMAAwADgALgBwAGQAZgAPABoADABNAGEAYwBpAG4AdABvAHMAaAAgAEgARAASAERVc2Vycy9oZGUvRG9jdW1lbnRzL3NjaG9vbC9SZXNlYXJjaC9yZWZlcmVuY2VzL01pc2hyYS1MaW5nZXIyMDA4LnBkZgATAAEvAAAVAAIACv//AACABdIcHR4fWCRjbGFzc2VzWiRjbGFzc25hbWWjHyAhXU5TTXV0YWJsZURhdGFWTlNEYXRhWE5TT2JqZWN0XxAVTWlzaHJhLUxpbmdlcjIwMDgucGRm0hwdJCWiJSFcTlNEaWN0aW9uYXJ5EgABhqBfEA9OU0tleWVkQXJjaGl2ZXIACAARABYAHwAoADIANQA6ADwARQBLAFIAXQBlAGwAbwBxAHMAdgB4AHoAfACGAJMAmACgAngCegJ/AogCkwKXAqUCrAK1As0C0gLVAuIC5wAAAAAAAAIBAAAAAAAAACgAAAAAAAAAAAAAAAAAAAL5}}

@jurthesis{Morrisett:1995,
	Author = {G. Morrisett},
	Date-Added = {2012-01-06 13:50:53 -0600},
	Date-Modified = {2012-01-06 13:51:46 -0600},
	School = {Carnegie Mellon University},
	Title = {Compiling with Types},
	Type = {PhD Thesis},
	Year = {1995},
	Bdsk-File-1 = {YnBsaXN0MDDUAQIDBAUIJidUJHRvcFgkb2JqZWN0c1gkdmVyc2lvblkkYXJjaGl2ZXLRBgdUcm9vdIABqAkKFRYXGyIjVSRudWxs0wsMDQ4RFFpOUy5vYmplY3RzV05TLmtleXNWJGNsYXNzog8QgASABqISE4ACgAOAB1lhbGlhc0RhdGFccmVsYXRpdmVQYXRo0hgNGRpXTlMuZGF0YU8RAcQAAAAAAcQAAgAADE1hY2ludG9zaCBIRAAAAAAAAAAAAAAAAAAAAMe4bklIKwAAAA/xIRFNb3JyaXNldHQxOTk1LnBkZgAAAAAAAAAAAAAAAAAAAAAAAAAAAAAAAAAAAAAAAAAAAAAAAAAAAAAAAAAAAAAGpQvTyyytAwAAAAAAAAAAAAEAAgAACSAAAAAAAAAAAAAAAAAAAAAKcmVmZXJlbmNlcwAQAAgAAMe4wqkAAAARAAgAAMstAWMAAAABABgAD/EhAA/xHgAP0GYACEn7AAhJ7gAAkjsAAgBNTWFjaW50b3NoIEhEOlVzZXJzOmhkZTpEb2N1bWVudHM6c2Nob29sOlJlc2VhcmNoOnJlZmVyZW5jZXM6TW9ycmlzZXR0MTk5NS5wZGYAAA4AJAARAE0AbwByAHIAaQBzAGUAdAB0ADEAOQA5ADUALgBwAGQAZgAPABoADABNAGEAYwBpAG4AdABvAHMAaAAgAEgARAASAEBVc2Vycy9oZGUvRG9jdW1lbnRzL3NjaG9vbC9SZXNlYXJjaC9yZWZlcmVuY2VzL01vcnJpc2V0dDE5OTUucGRmABMAAS8AABUAAgAK//8AAIAF0hwdHh9YJGNsYXNzZXNaJGNsYXNzbmFtZaMfICFdTlNNdXRhYmxlRGF0YVZOU0RhdGFYTlNPYmplY3RfEBFNb3JyaXNldHQxOTk1LnBkZtIcHSQloiUhXE5TRGljdGlvbmFyeRIAAYagXxAPTlNLZXllZEFyY2hpdmVyAAgAEQAWAB8AKAAyADUAOgA8AEUASwBSAF0AZQBsAG8AcQBzAHYAeAB6AHwAhgCTAJgAoAJoAmoCbwJ4AoMChwKVApwCpQK5Ar4CwQLOAtMAAAAAAAACAQAAAAAAAAAoAAAAAAAAAAAAAAAAAAAC5Q==}}


@techreport{Murthy:1991,
	Author = {C. Murthy},
	Date-Added = {2011-09-19 12:52:06 -0500},
	Date-Modified = {2011-09-19 12:53:01 -0500},
	Institution = {Cornell University},
	Title = {Classical Proofs as Programs: How, What and Why},
	Year = {1991},
	Bdsk-File-1 = {YnBsaXN0MDDUAQIDBAUIJidUJHRvcFgkb2JqZWN0c1gkdmVyc2lvblkkYXJjaGl2ZXLRBgdUcm9vdIABqAkKFRYXGyIjVSRudWxs0wsMDQ4RFFpOUy5vYmplY3RzV05TLmtleXNWJGNsYXNzog8QgASABqISE4ACgAOAB1lhbGlhc0RhdGFccmVsYXRpdmVQYXRo0hgNGRpXTlMuZGF0YU8RAbgAAAAAAbgAAgAADE1hY2ludG9zaCBIRAAAAAAAAAAAAAAAAAAAAMe4bklIKwAAAA/xIQ5NdXJ0aHkxOTkxLnBkZgAAAAAAAAAAAAAAAAAAAAAAAAAAAAAAAAAAAAAAAAAAAAAAAAAAAAAAAAAAAAAAAAAGEjxTypzruAAAAAAAAAAAAAEAAgAACSAAAAAAAAAAAAAAAAAAAAAKcmVmZXJlbmNlcwAQAAgAAMe4wqkAAAARAAgAAMqdMggAAAABABgAD/EhAA/xHgAP0GYACEn7AAhJ7gAAkjsAAgBKTWFjaW50b3NoIEhEOlVzZXJzOmhkZTpEb2N1bWVudHM6c2Nob29sOlJlc2VhcmNoOnJlZmVyZW5jZXM6TXVydGh5MTk5MS5wZGYADgAeAA4ATQB1AHIAdABoAHkAMQA5ADkAMQAuAHAAZABmAA8AGgAMAE0AYQBjAGkAbgB0AG8AcwBoACAASABEABIAPVVzZXJzL2hkZS9Eb2N1bWVudHMvc2Nob29sL1Jlc2VhcmNoL3JlZmVyZW5jZXMvTXVydGh5MTk5MS5wZGYAABMAAS8AABUAAgAK//8AAIAF0hwdHh9YJGNsYXNzZXNaJGNsYXNzbmFtZaMfICFdTlNNdXRhYmxlRGF0YVZOU0RhdGFYTlNPYmplY3ReTXVydGh5MTk5MS5wZGbSHB0kJaIlIVxOU0RpY3Rpb25hcnkSAAGGoF8QD05TS2V5ZWRBcmNoaXZlcgAIABEAFgAfACgAMgA1ADoAPABFAEsAUgBdAGUAbABvAHEAcwB2AHgAegB8AIYAkwCYAKACXAJeAmMCbAJ3AnsCiQKQApkCqAKtArACvQLCAAAAAAAAAgEAAAAAAAAAKAAAAAAAAAAAAAAAAAAAAtQ=}}

@techreport{Nanevski:2005b,
	Author = {A. Nanevski and G. Morrisett},
	Date-Added = {2012-01-06 14:06:11 -0600},
	Date-Modified = {2012-01-06 14:07:03 -0600},
	Title = {Dependent type theory of stateful higher-order functions},
	Year = {2005},
	Bdsk-File-1 = {YnBsaXN0MDDUAQIDBAUIJidUJHRvcFgkb2JqZWN0c1gkdmVyc2lvblkkYXJjaGl2ZXLRBgdUcm9vdIABqAkKFRYXGyIjVSRudWxs0wsMDQ4RFFpOUy5vYmplY3RzV05TLmtleXNWJGNsYXNzog8QgASABqISE4ACgAOAB1lhbGlhc0RhdGFccmVsYXRpdmVQYXRo0hgNGRpXTlMuZGF0YU8RAcQAAAAAAcQAAgAADE1hY2ludG9zaCBIRAAAAAAAAAAAAAAAAAAAAMe4bklIKwAAAA/xIRFOYW5ldnNraTIwMDViLnBkZgAAAAAAAAAAAAAAAAAAAAAAAAAAAAAAAAAAAAAAAAAAAAAAAAAAAAAAAAAAAAAGpRFfyyywlgAAAAAAAAAAAAEAAgAACSAAAAAAAAAAAAAAAAAAAAAKcmVmZXJlbmNlcwAQAAgAAMe4wqkAAAARAAgAAMstBPYAAAABABgAD/EhAA/xHgAP0GYACEn7AAhJ7gAAkjsAAgBNTWFjaW50b3NoIEhEOlVzZXJzOmhkZTpEb2N1bWVudHM6c2Nob29sOlJlc2VhcmNoOnJlZmVyZW5jZXM6TmFuZXZza2kyMDA1Yi5wZGYAAA4AJAARAE4AYQBuAGUAdgBzAGsAaQAyADAAMAA1AGIALgBwAGQAZgAPABoADABNAGEAYwBpAG4AdABvAHMAaAAgAEgARAASAEBVc2Vycy9oZGUvRG9jdW1lbnRzL3NjaG9vbC9SZXNlYXJjaC9yZWZlcmVuY2VzL05hbmV2c2tpMjAwNWIucGRmABMAAS8AABUAAgAK//8AAIAF0hwdHh9YJGNsYXNzZXNaJGNsYXNzbmFtZaMfICFdTlNNdXRhYmxlRGF0YVZOU0RhdGFYTlNPYmplY3RfEBFOYW5ldnNraTIwMDViLnBkZtIcHSQloiUhXE5TRGljdGlvbmFyeRIAAYagXxAPTlNLZXllZEFyY2hpdmVyAAgAEQAWAB8AKAAyADUAOgA8AEUASwBSAF0AZQBsAG8AcQBzAHYAeAB6AHwAhgCTAJgAoAJoAmoCbwJ4AoMChwKVApwCpQK5Ar4CwQLOAtMAAAAAAAACAQAAAAAAAAAoAAAAAAAAAAAAAAAAAAAC5Q==}}

@inproceedings{Nanevski:2008,
	Address = {New York, NY, USA},
	Author = {A. Nanevski and G. Morrisett and A. Shinnar and P. Govereau and L. Birkedal},
	Booktitle = {ICFP '08: Proceeding of the 13th ACM SIGPLAN international conference on Functional programming},
	Date-Added = {2012-01-06 14:08:03 -0600},
	Date-Modified = {2012-01-06 14:08:40 -0600},
	Doi = {http://doi.acm.org/10.1145/1411204.1411237},
	Isbn = {978-1-59593-919-7},
	Location = {Victoria, BC, Canada},
	Pages = {229--240},
	Publisher = {ACM},
	Title = {Ynot: dependent types for imperative programs},
	Year = 2008,
	Bdsk-File-1 = {YnBsaXN0MDDUAQIDBAUIJidUJHRvcFgkb2JqZWN0c1gkdmVyc2lvblkkYXJjaGl2ZXLRBgdUcm9vdIABqAkKFRYXGyIjVSRudWxs0wsMDQ4RFFpOUy5vYmplY3RzV05TLmtleXNWJGNsYXNzog8QgASABqISE4ACgAOAB1lhbGlhc0RhdGFccmVsYXRpdmVQYXRo0hgNGRpXTlMuZGF0YU8RAcAAAAAAAcAAAgAADE1hY2ludG9zaCBIRAAAAAAAAAAAAAAAAAAAAMe4bklIKwAAAA/xIRBOYW5ldnNraTIwMDgucGRmAAAAAAAAAAAAAAAAAAAAAAAAAAAAAAAAAAAAAAAAAAAAAAAAAAAAAAAAAAAAAAAGpRH7yyyw+QAAAAAAAAAAAAEAAgAACSAAAAAAAAAAAAAAAAAAAAAKcmVmZXJlbmNlcwAQAAgAAMe4wqkAAAARAAgAAMstBVkAAAABABgAD/EhAA/xHgAP0GYACEn7AAhJ7gAAkjsAAgBMTWFjaW50b3NoIEhEOlVzZXJzOmhkZTpEb2N1bWVudHM6c2Nob29sOlJlc2VhcmNoOnJlZmVyZW5jZXM6TmFuZXZza2kyMDA4LnBkZgAOACIAEABOAGEAbgBlAHYAcwBrAGkAMgAwADAAOAAuAHAAZABmAA8AGgAMAE0AYQBjAGkAbgB0AG8AcwBoACAASABEABIAP1VzZXJzL2hkZS9Eb2N1bWVudHMvc2Nob29sL1Jlc2VhcmNoL3JlZmVyZW5jZXMvTmFuZXZza2kyMDA4LnBkZgAAEwABLwAAFQACAAr//wAAgAXSHB0eH1gkY2xhc3Nlc1okY2xhc3NuYW1lox8gIV1OU011dGFibGVEYXRhVk5TRGF0YVhOU09iamVjdF8QEE5hbmV2c2tpMjAwOC5wZGbSHB0kJaIlIVxOU0RpY3Rpb25hcnkSAAGGoF8QD05TS2V5ZWRBcmNoaXZlcgAIABEAFgAfACgAMgA1ADoAPABFAEsAUgBdAGUAbABvAHEAcwB2AHgAegB8AIYAkwCYAKACZAJmAmsCdAJ/AoMCkQKYAqECtAK5ArwCyQLOAAAAAAAAAgEAAAAAAAAAKAAAAAAAAAAAAAAAAAAAAuA=}}

@book{Nordstrom:1990,
	Author = {B. Nordstrom and K. Petersson and J. Smith},
	Date-Added = {2012-01-06 14:16:33 -0600},
	Date-Modified = {2012-01-06 14:16:54 -0600},
	Day = {19},
	Howpublished = {Hardcover},
	Isbn = {0198538146},
	Keywords = {book, dependent-types, introduction, martin-lof, type-theory},
	Month = jul,
	Priority = {2},
	Publisher = {Oxford University Press, USA},
	Title = {{Programming in Martin-L\"{o}f's Type Theory: An Introduction}},
	Url = {http://www.cs.chalmers.se/Cs/Research/Logic/book/},
	Year = {1990},
	Bdsk-File-1 = {YnBsaXN0MDDUAQIDBAUIJidUJHRvcFgkb2JqZWN0c1gkdmVyc2lvblkkYXJjaGl2ZXLRBgdUcm9vdIABqAkKFRYXGyIjVSRudWxs0wsMDQ4RFFpOUy5vYmplY3RzV05TLmtleXNWJGNsYXNzog8QgASABqISE4ACgAOAB1lhbGlhc0RhdGFccmVsYXRpdmVQYXRo0hgNGRpXTlMuZGF0YU8RAcQAAAAAAcQAAgAADE1hY2ludG9zaCBIRAAAAAAAAAAAAAAAAAAAAMe4bklIKwAAAA/xIRFOb3Jkc3Ryb20xOTkwLnBkZgAAAAAAAAAAAAAAAAAAAAAAAAAAAAAAAAAAAAAAAAAAAAAAAAAAAAAAAAAAAAAGpRdJyyyy4AAAAAAAAAAAAAEAAgAACSAAAAAAAAAAAAAAAAAAAAAKcmVmZXJlbmNlcwAQAAgAAMe4wqkAAAARAAgAAMstB0AAAAABABgAD/EhAA/xHgAP0GYACEn7AAhJ7gAAkjsAAgBNTWFjaW50b3NoIEhEOlVzZXJzOmhkZTpEb2N1bWVudHM6c2Nob29sOlJlc2VhcmNoOnJlZmVyZW5jZXM6Tm9yZHN0cm9tMTk5MC5wZGYAAA4AJAARAE4AbwByAGQAcwB0AHIAbwBtADEAOQA5ADAALgBwAGQAZgAPABoADABNAGEAYwBpAG4AdABvAHMAaAAgAEgARAASAEBVc2Vycy9oZGUvRG9jdW1lbnRzL3NjaG9vbC9SZXNlYXJjaC9yZWZlcmVuY2VzL05vcmRzdHJvbTE5OTAucGRmABMAAS8AABUAAgAK//8AAIAF0hwdHh9YJGNsYXNzZXNaJGNsYXNzbmFtZaMfICFdTlNNdXRhYmxlRGF0YVZOU0RhdGFYTlNPYmplY3RfEBFOb3Jkc3Ryb20xOTkwLnBkZtIcHSQloiUhXE5TRGljdGlvbmFyeRIAAYagXxAPTlNLZXllZEFyY2hpdmVyAAgAEQAWAB8AKAAyADUAOgA8AEUASwBSAF0AZQBsAG8AcQBzAHYAeAB6AHwAhgCTAJgAoAJoAmoCbwJ4AoMChwKVApwCpQK5Ar4CwQLOAtMAAAAAAAACAQAAAAAAAAAoAAAAAAAAAAAAAAAAAAAC5Q==}}

@jurthesis{Norell:2007,
	Author = {U. Norell},
	Date-Added = {2012-01-06 14:19:36 -0600},
	Date-Modified = {2012-01-06 14:20:41 -0600},
	Howpublished = {PhD Thesis},
	School = {Chalmers University of Technology},
	Title = {Towards a practical programming language based on dependent type theory},
	Year = {2007},
	Bdsk-File-1 = {YnBsaXN0MDDUAQIDBAUIJidUJHRvcFgkb2JqZWN0c1gkdmVyc2lvblkkYXJjaGl2ZXLRBgdUcm9vdIABqAkKFRYXGyIjVSRudWxs0wsMDQ4RFFpOUy5vYmplY3RzV05TLmtleXNWJGNsYXNzog8QgASABqISE4ACgAOAB1lhbGlhc0RhdGFccmVsYXRpdmVQYXRo0hgNGRpXTlMuZGF0YU8RAbgAAAAAAbgAAgAADE1hY2ludG9zaCBIRAAAAAAAAAAAAAAAAAAAAMe4bklIKwAAAA/xIQ5Ob3JlbGwyMDA3LnBkZgAAAAAAAAAAAAAAAAAAAAAAAAAAAAAAAAAAAAAAAAAAAAAAAAAAAAAAAAAAAAAAAAAGpRgByyyzvwAAAAAAAAAAAAEAAgAACSAAAAAAAAAAAAAAAAAAAAAKcmVmZXJlbmNlcwAQAAgAAMe4wqkAAAARAAgAAMstCB8AAAABABgAD/EhAA/xHgAP0GYACEn7AAhJ7gAAkjsAAgBKTWFjaW50b3NoIEhEOlVzZXJzOmhkZTpEb2N1bWVudHM6c2Nob29sOlJlc2VhcmNoOnJlZmVyZW5jZXM6Tm9yZWxsMjAwNy5wZGYADgAeAA4ATgBvAHIAZQBsAGwAMgAwADAANwAuAHAAZABmAA8AGgAMAE0AYQBjAGkAbgB0AG8AcwBoACAASABEABIAPVVzZXJzL2hkZS9Eb2N1bWVudHMvc2Nob29sL1Jlc2VhcmNoL3JlZmVyZW5jZXMvTm9yZWxsMjAwNy5wZGYAABMAAS8AABUAAgAK//8AAIAF0hwdHh9YJGNsYXNzZXNaJGNsYXNzbmFtZaMfICFdTlNNdXRhYmxlRGF0YVZOU0RhdGFYTlNPYmplY3ReTm9yZWxsMjAwNy5wZGbSHB0kJaIlIVxOU0RpY3Rpb25hcnkSAAGGoF8QD05TS2V5ZWRBcmNoaXZlcgAIABEAFgAfACgAMgA1ADoAPABFAEsAUgBdAGUAbABvAHEAcwB2AHgAegB8AIYAkwCYAKACXAJeAmMCbAJ3AnsCiQKQApkCqAKtArACvQLCAAAAAAAAAgEAAAAAAAAAKAAAAAAAAAAAAAAAAAAAAtQ=}}


@incollection{Parigot:1992b,
	Author = {M. Parigot},
	Booktitle = {Logic Programming},
	Editor = {Voronkov, A.},
	Pages = {361-380},
	Publisher = {Springer Berlin / Heidelberg},
	Series = {Lecture Notes in Computer Science},
	Title = {Free deduction: An analysis of ``Computations'' in classical logic},
	Volume = {592},
	Year = {1992}}

@incollection{Parigot:1992,
	Affiliation = {Universit{\'e} Paris 7 Equipe de logique - CNRS UA 753 45-55 5{\'e}me {\'e}tage 2 place jussieu 75251 Paris Cedex 05 France 2 place jussieu 75251 Paris Cedex 05 France},
	Author = {M. Parigot},
	Booktitle = {Logic Programming and Automated Reasoning},
	Date-Added = {2011-09-13 20:07:50 +0200},
	Date-Modified = {2011-11-16 16:44:03 -0600},
	Editor = {Voronkov, A.},
	Isbn = {978-3-540-55727-2},
	Keyword = {Computer Science},
	Note = {10.1007/BFb0013061},
	Pages = {190-201},
	Publisher = {Springer Berlin / Heidelberg},
	Read = {1},
	Series = {Lecture Notes in Computer Science},
	Title = {Lambda-Mu-Calculus: An algorithmic interpretation of classical natural deduction},
	Url = {http://dx.doi.org/10.1007/BFb0013061},
	Volume = {624},
	Year = {1992},
	Bdsk-File-1 = {YnBsaXN0MDDUAQIDBAUIJidUJHRvcFgkb2JqZWN0c1gkdmVyc2lvblkkYXJjaGl2ZXLRBgdUcm9vdIABqAkKFRYXGyIjVSRudWxs0wsMDQ4RFFpOUy5vYmplY3RzV05TLmtleXNWJGNsYXNzog8QgASABqISE4ACgAOAB1lhbGlhc0RhdGFccmVsYXRpdmVQYXRo0hgNGRpXTlMuZGF0YU8RAbwAAAAAAbwAAgAADE1hY2ludG9zaCBIRAAAAAAAAAAAAAAAAAAAAMe4bklIKwAAAA/xIQ9QYXJpZ290MTk5Mi5wZGYAAAAAAAAAAAAAAAAAAAAAAAAAAAAAAAAAAAAAAAAAAAAAAAAAAAAAAAAAAAAAAAAF91A7ypUF3gAAAAAAAAAAAAEAAgAACSAAAAAAAAAAAAAAAAAAAAAKcmVmZXJlbmNlcwAQAAgAAMe4wqkAAAARAAgAAMqVTC4AAAABABgAD/EhAA/xHgAP0GYACEn7AAhJ7gAAkjsAAgBLTWFjaW50b3NoIEhEOlVzZXJzOmhkZTpEb2N1bWVudHM6c2Nob29sOlJlc2VhcmNoOnJlZmVyZW5jZXM6UGFyaWdvdDE5OTIucGRmAAAOACAADwBQAGEAcgBpAGcAbwB0ADEAOQA5ADIALgBwAGQAZgAPABoADABNAGEAYwBpAG4AdABvAHMAaAAgAEgARAASAD5Vc2Vycy9oZGUvRG9jdW1lbnRzL3NjaG9vbC9SZXNlYXJjaC9yZWZlcmVuY2VzL1Bhcmlnb3QxOTkyLnBkZgATAAEvAAAVAAIACv//AACABdIcHR4fWCRjbGFzc2VzWiRjbGFzc25hbWWjHyAhXU5TTXV0YWJsZURhdGFWTlNEYXRhWE5TT2JqZWN0XxAPUGFyaWdvdDE5OTIucGRm0hwdJCWiJSFcTlNEaWN0aW9uYXJ5EgABhqBfEA9OU0tleWVkQXJjaGl2ZXIACAARABYAHwAoADIANQA6ADwARQBLAFIAXQBlAGwAbwBxAHMAdgB4AHoAfACGAJMAmACgAmACYgJnAnACewJ/Ao0ClAKdAq8CtAK3AsQCyQAAAAAAAAIBAAAAAAAAACgAAAAAAAAAAAAAAAAAAALb}}


@article{Parigot:1997,
	Author = {M. Parigot},
	Date-Added = {2011-11-16 22:10:33 -0600},
	Date-Modified = {2011-11-16 22:11:31 -0600},
	Journal = {Journal of Symbolic Logic},
	Number = {4},
	Pages = {1461--1479},
	Read = {0},
	Title = {Proofs of Strong Normalisation for Second Order Classical Natural Deduction},
	Volume = {62},
	Year = {1997},
	Bdsk-File-1 = {YnBsaXN0MDDUAQIDBAUIJidUJHRvcFgkb2JqZWN0c1gkdmVyc2lvblkkYXJjaGl2ZXLRBgdUcm9vdIABqAkKFRYXGyIjVSRudWxs0wsMDQ4RFFpOUy5vYmplY3RzV05TLmtleXNWJGNsYXNzog8QgASABqISE4ACgAOAB1lhbGlhc0RhdGFccmVsYXRpdmVQYXRo0hgNGRpXTlMuZGF0YU8RAbwAAAAAAbwAAgAADE1hY2ludG9zaCBIRAAAAAAAAAAAAAAAAAAAAMe4bklIKwAAAA/xIQ9QYXJpZ290MTk5Ny5wZGYAAAAAAAAAAAAAAAAAAAAAAAAAAAAAAAAAAAAAAAAAAAAAAAAAAAAAAAAAAAAAAAAGYZjGyuniPgAAAAAAAAAAAAEAAgAACSAAAAAAAAAAAAAAAAAAAAAKcmVmZXJlbmNlcwAQAAgAAMe4wqkAAAARAAgAAMrqNp4AAAABABgAD/EhAA/xHgAP0GYACEn7AAhJ7gAAkjsAAgBLTWFjaW50b3NoIEhEOlVzZXJzOmhkZTpEb2N1bWVudHM6c2Nob29sOlJlc2VhcmNoOnJlZmVyZW5jZXM6UGFyaWdvdDE5OTcucGRmAAAOACAADwBQAGEAcgBpAGcAbwB0ADEAOQA5ADcALgBwAGQAZgAPABoADABNAGEAYwBpAG4AdABvAHMAaAAgAEgARAASAD5Vc2Vycy9oZGUvRG9jdW1lbnRzL3NjaG9vbC9SZXNlYXJjaC9yZWZlcmVuY2VzL1Bhcmlnb3QxOTk3LnBkZgATAAEvAAAVAAIACv//AACABdIcHR4fWCRjbGFzc2VzWiRjbGFzc25hbWWjHyAhXU5TTXV0YWJsZURhdGFWTlNEYXRhWE5TT2JqZWN0XxAPUGFyaWdvdDE5OTcucGRm0hwdJCWiJSFcTlNEaWN0aW9uYXJ5EgABhqBfEA9OU0tleWVkQXJjaGl2ZXIACAARABYAHwAoADIANQA6ADwARQBLAFIAXQBlAGwAbwBxAHMAdgB4AHoAfACGAJMAmACgAmACYgJnAnACewJ/Ao0ClAKdAq8CtAK3AsQCyQAAAAAAAAIBAAAAAAAAACgAAAAAAAAAAAAAAAAAAALb}}

@incollection{Pfenning:1999,
	Affiliation = {Carnegie Mellon University Department of Computer Science USA},
	Author = {F. Pfenning and C. Sch{\"u}rmann},
	Booktitle = {Automated Deduction --- CADE-16},
	Date-Added = {2012-01-06 14:29:59 -0600},
	Date-Modified = {2012-01-06 14:32:10 -0600},
	Isbn = {978-3-540-66222-8},
	Keyword = {Computer Science},
	Pages = {679-679},
	Publisher = {Springer Berlin / Heidelberg},
	Series = {Lecture Notes in Computer Science},
	Title = {System Description: Twelf --- A Meta-Logical Framework for Deductive Systems},
	Volume = {1632},
	Year = {1999}}

@book{Pierce:2002,
	Address = {Cambridge, MA, USA},
	Author = {B. Pierce},
	Date-Added = {2012-01-06 14:37:05 -0600},
	Date-Modified = {2012-01-06 14:37:11 -0600},
	Isbn = {0-262-16209-1},
	Publisher = {MIT Press},
	Title = {Types and programming languages},
	Year = {2002}}

@book{Prawitz:1965,
	Abstract = {This volume examines the notion of an analytic proof as a natural deduction, suggesting that the proof's value may be understood as its normal form--a concept with significant implications to proof-theoretic semantics.},
	Author = {D. Prawitz},
	Date-Added = {2011-12-12 16:24:15 -0600},
	Date-Modified = {2011-12-12 16:24:32 -0600},
	Publisher = {Dover Publications},
	Read = {1},
	Title = {Natural Deduction: A Proof-Theoretical Study},
	Year = {1965}}

@inbook{Prawitz:2005,
	Author = {D. Prawitz},
	Crossref = {Shapiro:2005},
	Editor = {S. Shapiro},
	Pages = {671-695},
	Title = {Logical Consequence from a Constructivist Point of View},
	Volume = {1}}

@inproceedings{Reynolds:1974,
	Address = {New York},
	Author = {J. Reynolds},
	Booktitle = {Colloque sur la Programmation},
	Date-Added = {2012-09-03 17:26:43 -0500},
	Date-Modified = {2012-09-03 17:31:15 -0500},
	Pages = {408-425},
	Publisher = {Springer-Verlag},
	Series = {Lecture Notes in Computer Science},
	Title = {Towards a Theory of Type Structure},
	Volume = {19},
	Year = {1974},
	Bdsk-File-1 = {YnBsaXN0MDDUAQIDBAUIJidUJHRvcFgkb2JqZWN0c1gkdmVyc2lvblkkYXJjaGl2ZXLRBgdUcm9vdIABqAkKFRYXGyIjVSRudWxs0wsMDQ4RFFpOUy5vYmplY3RzV05TLmtleXNWJGNsYXNzog8QgASABqISE4ACgAOAB1lhbGlhc0RhdGFccmVsYXRpdmVQYXRo0hgNGRpXTlMuZGF0YU8RAcAAAAAAAcAAAgAADE1hY2ludG9zaCBIRAAAAAAAAAAAAAAAAAAAAMe4bklIKwAAAA/xIRBSZXlub2xkczE5NzQucGRmAAAAAAAAAAAAAAAAAAAAAAAAAAAAAAAAAAAAAAAAAAAAAAAAAAAAAAAAAAAAAAAH46nczGqaSQAAAAAAAAAAAAEAAgAACSAAAAAAAAAAAAAAAAAAAAAKcmVmZXJlbmNlcwAQAAgAAMe4wqkAAAARAAgAAMxq4JkAAAABABgAD/EhAA/xHgAP0GYACEn7AAhJ7gAAkjsAAgBMTWFjaW50b3NoIEhEOlVzZXJzOmhkZTpEb2N1bWVudHM6c2Nob29sOlJlc2VhcmNoOnJlZmVyZW5jZXM6UmV5bm9sZHMxOTc0LnBkZgAOACIAEABSAGUAeQBuAG8AbABkAHMAMQA5ADcANAAuAHAAZABmAA8AGgAMAE0AYQBjAGkAbgB0AG8AcwBoACAASABEABIAP1VzZXJzL2hkZS9Eb2N1bWVudHMvc2Nob29sL1Jlc2VhcmNoL3JlZmVyZW5jZXMvUmV5bm9sZHMxOTc0LnBkZgAAEwABLwAAFQACAAr//wAAgAXSHB0eH1gkY2xhc3Nlc1okY2xhc3NuYW1lox8gIV1OU011dGFibGVEYXRhVk5TRGF0YVhOU09iamVjdF8QEFJleW5vbGRzMTk3NC5wZGbSHB0kJaIlIVxOU0RpY3Rpb25hcnkSAAGGoF8QD05TS2V5ZWRBcmNoaXZlcgAIABEAFgAfACgAMgA1ADoAPABFAEsAUgBdAGUAbABvAHEAcwB2AHgAegB8AIYAkwCYAKACZAJmAmsCdAJ/AoMCkQKYAqECtAK5ArwCyQLOAAAAAAAAAgEAAAAAAAAAKAAAAAAAAAAAAAAAAAAAAuA=}}

@book{Reynolds:1998,
	Author = {J. Reynolds},
	Date-Added = {2012-02-19 19:55:28 -0600},
	Date-Modified = {2012-02-19 19:57:06 -0600},
	Isbn = {9780521106979},
	Publisher = {Cambridge University Press},
	Read = {1},
	Title = {Theories of Programming Languages},
	Year = {1998}}

@book{Shapiro:2005,
	Author = {S. Shapiro},
	Publisher = {Oxford University Press},
	Title = {The Oxford Handbook of Philosophy of Mathematics and Logic},
	Year = {2005}}

@inproceedings{Sheard:2006,
	Author = {T. Sheard},
	Booktitle = {Programming Languages meets Program Verification},
	City = {Seattle},
	Date-Added = {2012-01-06 14:42:17 -0600},
	Date-Modified = {2012-01-06 14:44:05 -0600},
	Editors = {A. Stump and H. Xi},
	Journal = {Electronic Notes in Theoretical Computer Science},
	Title = {{Type-Level Computation Using Narrowing in $\Omega$mega}},
	Volume = {1643},
	Year = 2006,
	Bdsk-File-1 = {YnBsaXN0MDDUAQIDBAUIJidUJHRvcFgkb2JqZWN0c1gkdmVyc2lvblkkYXJjaGl2ZXLRBgdUcm9vdIABqAkKFRYXGyIjVSRudWxs0wsMDQ4RFFpOUy5vYmplY3RzV05TLmtleXNWJGNsYXNzog8QgASABqISE4ACgAOAB1lhbGlhc0RhdGFccmVsYXRpdmVQYXRo0hgNGRpXTlMuZGF0YU8RAbgAAAAAAbgAAgAADE1hY2ludG9zaCBIRAAAAAAAAAAAAAAAAAAAAMe4bklIKwAAAA/xIQ5TaGVhcmQyMDA2LnBkZgAAAAAAAAAAAAAAAAAAAAAAAAAAAAAAAAAAAAAAAAAAAAAAAAAAAAAAAAAAAAAAAAAGpST4yyy5LAAAAAAAAAAAAAEAAgAACSAAAAAAAAAAAAAAAAAAAAAKcmVmZXJlbmNlcwAQAAgAAMe4wqkAAAARAAgAAMstDYwAAAABABgAD/EhAA/xHgAP0GYACEn7AAhJ7gAAkjsAAgBKTWFjaW50b3NoIEhEOlVzZXJzOmhkZTpEb2N1bWVudHM6c2Nob29sOlJlc2VhcmNoOnJlZmVyZW5jZXM6U2hlYXJkMjAwNi5wZGYADgAeAA4AUwBoAGUAYQByAGQAMgAwADAANgAuAHAAZABmAA8AGgAMAE0AYQBjAGkAbgB0AG8AcwBoACAASABEABIAPVVzZXJzL2hkZS9Eb2N1bWVudHMvc2Nob29sL1Jlc2VhcmNoL3JlZmVyZW5jZXMvU2hlYXJkMjAwNi5wZGYAABMAAS8AABUAAgAK//8AAIAF0hwdHh9YJGNsYXNzZXNaJGNsYXNzbmFtZaMfICFdTlNNdXRhYmxlRGF0YVZOU0RhdGFYTlNPYmplY3ReU2hlYXJkMjAwNi5wZGbSHB0kJaIlIVxOU0RpY3Rpb25hcnkSAAGGoF8QD05TS2V5ZWRBcmNoaXZlcgAIABEAFgAfACgAMgA1ADoAPABFAEsAUgBdAGUAbABvAHEAcwB2AHgAegB8AIYAkwCYAKACXAJeAmMCbAJ3AnsCiQKQApkCqAKtArACvQLCAAAAAAAAAgEAAAAAAAAAKAAAAAAAAAAAAAAAAAAAAtQ=}}

@inproceedings{Stump:2009,
	Acmid = {1481856},
	Address = {New York, NY, USA},
	Author = {A. Stump and M. Deters and A. Petcher and T. Schiller and T. Simpson},
	Booktitle = {Proceedings of the 3rd workshop on Programming languages meets program verification},
	Date-Added = {2012-01-06 14:49:28 -0600},
	Date-Modified = {2012-01-06 14:50:45 -0600},
	Doi = {http://doi.acm.org/10.1145/1481848.1481856},
	Isbn = {978-1-60558-330-3},
	Keywords = {dependently typed programming, language-based verification, operational type theory},
	Location = {Savannah, GA, USA},
	Numpages = {10},
	Pages = {49--58},
	Publisher = {ACM},
	Series = {PLPV '09},
	Title = {Verified programming in Guru},
	Url = {http://doi.acm.org/10.1145/1481848.1481856},
	Year = {2008},
	Bdsk-File-1 = {YnBsaXN0MDDUAQIDBAUIJidUJHRvcFgkb2JqZWN0c1gkdmVyc2lvblkkYXJjaGl2ZXLRBgdUcm9vdIABqAkKFRYXGyIjVSRudWxs0wsMDQ4RFFpOUy5vYmplY3RzV05TLmtleXNWJGNsYXNzog8QgASABqISE4ACgAOAB1lhbGlhc0RhdGFccmVsYXRpdmVQYXRo0hgNGRpXTlMuZGF0YU8RAbQAAAAAAbQAAgAADE1hY2ludG9zaCBIRAAAAAAAAAAAAAAAAAAAAMe4bklIKwAAAA/xIQ1TdHVtcDIwMDkucGRmAAAAAAAAAAAAAAAAAAAAAAAAAAAAAAAAAAAAAAAAAAAAAAAAAAAAAAAAAAAAAAAAAAAGpSdwyyy7EgAAAAAAAAAAAAEAAgAACSAAAAAAAAAAAAAAAAAAAAAKcmVmZXJlbmNlcwAQAAgAAMe4wqkAAAARAAgAAMstD3IAAAABABgAD/EhAA/xHgAP0GYACEn7AAhJ7gAAkjsAAgBJTWFjaW50b3NoIEhEOlVzZXJzOmhkZTpEb2N1bWVudHM6c2Nob29sOlJlc2VhcmNoOnJlZmVyZW5jZXM6U3R1bXAyMDA5LnBkZgAADgAcAA0AUwB0AHUAbQBwADIAMAAwADkALgBwAGQAZgAPABoADABNAGEAYwBpAG4AdABvAHMAaAAgAEgARAASADxVc2Vycy9oZGUvRG9jdW1lbnRzL3NjaG9vbC9SZXNlYXJjaC9yZWZlcmVuY2VzL1N0dW1wMjAwOS5wZGYAEwABLwAAFQACAAr//wAAgAXSHB0eH1gkY2xhc3Nlc1okY2xhc3NuYW1lox8gIV1OU011dGFibGVEYXRhVk5TRGF0YVhOU09iamVjdF1TdHVtcDIwMDkucGRm0hwdJCWiJSFcTlNEaWN0aW9uYXJ5EgABhqBfEA9OU0tleWVkQXJjaGl2ZXIACAARABYAHwAoADIANQA6ADwARQBLAFIAXQBlAGwAbwBxAHMAdgB4AHoAfACGAJMAmACgAlgCWgJfAmgCcwJ3AoUCjAKVAqMCqAKrArgCvQAAAAAAAAIBAAAAAAAAACgAAAAAAAAAAAAAAAAAAALP}}

@inproceedings{Sulzmann:2007,
	Acmid = {1190324},
	Address = {New York, NY, USA},
	Author = {M. Sulzmann and M. Chakravarty and S. Peyton Jones and K. Donnelly},
	Booktitle = {Proceedings of the 2007 ACM SIGPLAN international workshop on Types in languages design and implementation},
	Date-Added = {2012-01-06 14:53:29 -0600},
	Date-Modified = {2012-01-06 14:53:39 -0600},
	Doi = {http://doi.acm.org/10.1145/1190315.1190324},
	Isbn = {1-59593-393-X},
	Keywords = {advanced type features, typed intermediate language},
	Location = {Nice, Nice, France},
	Numpages = {14},
	Pages = {53--66},
	Publisher = {ACM},
	Series = {TLDI '07},
	Title = {System F with type equality coercions},
	Url = {http://doi.acm.org/10.1145/1190315.1190324},
	Year = {2007},
	Bdsk-File-1 = {YnBsaXN0MDDUAQIDBAUIJidUJHRvcFgkb2JqZWN0c1gkdmVyc2lvblkkYXJjaGl2ZXLRBgdUcm9vdIABqAkKFRYXGyIjVSRudWxs0wsMDQ4RFFpOUy5vYmplY3RzV05TLmtleXNWJGNsYXNzog8QgASABqISE4ACgAOAB1lhbGlhc0RhdGFccmVsYXRpdmVQYXRo0hgNGRpXTlMuZGF0YU8RAcAAAAAAAcAAAgAADE1hY2ludG9zaCBIRAAAAAAAAAAAAAAAAAAAAMe4bklIKwAAAA/xIRBTdWx6bWFubjIwMDcucGRmAAAAAAAAAAAAAAAAAAAAAAAAAAAAAAAAAAAAAAAAAAAAAAAAAAAAAAAAAAAAAAAGpSgKyyy7UAAAAAAAAAAAAAEAAgAACSAAAAAAAAAAAAAAAAAAAAAKcmVmZXJlbmNlcwAQAAgAAMe4wqkAAAARAAgAAMstD7AAAAABABgAD/EhAA/xHgAP0GYACEn7AAhJ7gAAkjsAAgBMTWFjaW50b3NoIEhEOlVzZXJzOmhkZTpEb2N1bWVudHM6c2Nob29sOlJlc2VhcmNoOnJlZmVyZW5jZXM6U3Vsem1hbm4yMDA3LnBkZgAOACIAEABTAHUAbAB6AG0AYQBuAG4AMgAwADAANwAuAHAAZABmAA8AGgAMAE0AYQBjAGkAbgB0AG8AcwBoACAASABEABIAP1VzZXJzL2hkZS9Eb2N1bWVudHMvc2Nob29sL1Jlc2VhcmNoL3JlZmVyZW5jZXMvU3Vsem1hbm4yMDA3LnBkZgAAEwABLwAAFQACAAr//wAAgAXSHB0eH1gkY2xhc3Nlc1okY2xhc3NuYW1lox8gIV1OU011dGFibGVEYXRhVk5TRGF0YVhOU09iamVjdF8QEFN1bHptYW5uMjAwNy5wZGbSHB0kJaIlIVxOU0RpY3Rpb25hcnkSAAGGoF8QD05TS2V5ZWRBcmNoaXZlcgAIABEAFgAfACgAMgA1ADoAPABFAEsAUgBdAGUAbABvAHEAcwB2AHgAegB8AIYAkwCYAKACZAJmAmsCdAJ/AoMCkQKYAqECtAK5ArwCyQLOAAAAAAAAAgEAAAAAAAAAKAAAAAAAAAAAAAAAAAAAAuA=}}

@inproceedings{Vytiniotis:2007,
	Author = {D. Vytiniotis and S. Weirich},
	Booktitle = {Draft Proceedings of the 8th Symposium on Trends in Functional Programming},
	Date-Added = {2012-01-06 15:00:30 -0600},
	Date-Modified = {2012-01-06 15:00:40 -0600},
	Editor = {M. T. Moraz\'{a}n and H. Nilsson},
	Month = apr,
	Note = {TR-SHU-CS-2007-04-1},
	Organization = {Dept. of Math and Computer Science, Seton Hall University},
	Pages = {XVII-1---XVII-15},
	Pdf = {http://www.seas.upenn.edu/~sweirich/papers/tfp07.pdf},
	Plclub = {yes},
	Title = {Dependent types: Easy as {PIE}},
	Year = 2007,
	Bdsk-File-1 = {YnBsaXN0MDDUAQIDBAUIJidUJHRvcFgkb2JqZWN0c1gkdmVyc2lvblkkYXJjaGl2ZXLRBgdUcm9vdIABqAkKFRYXGyIjVSRudWxs0wsMDQ4RFFpOUy5vYmplY3RzV05TLmtleXNWJGNsYXNzog8QgASABqISE4ACgAOAB1lhbGlhc0RhdGFccmVsYXRpdmVQYXRo0hgNGRpXTlMuZGF0YU8RAcgAAAAAAcgAAgAADE1hY2ludG9zaCBIRAAAAAAAAAAAAAAAAAAAAMe4bklIKwAAAA/xIRJWeXRpbmlvdGlzMjAwNy5wZGYAAAAAAAAAAAAAAAAAAAAAAAAAAAAAAAAAAAAAAAAAAAAAAAAAAAAAAAAAAAAGpSpwyyy8zgAAAAAAAAAAAAEAAgAACSAAAAAAAAAAAAAAAAAAAAAKcmVmZXJlbmNlcwAQAAgAAMe4wqkAAAARAAgAAMstES4AAAABABgAD/EhAA/xHgAP0GYACEn7AAhJ7gAAkjsAAgBOTWFjaW50b3NoIEhEOlVzZXJzOmhkZTpEb2N1bWVudHM6c2Nob29sOlJlc2VhcmNoOnJlZmVyZW5jZXM6Vnl0aW5pb3RpczIwMDcucGRmAA4AJgASAFYAeQB0AGkAbgBpAG8AdABpAHMAMgAwADAANwAuAHAAZABmAA8AGgAMAE0AYQBjAGkAbgB0AG8AcwBoACAASABEABIAQVVzZXJzL2hkZS9Eb2N1bWVudHMvc2Nob29sL1Jlc2VhcmNoL3JlZmVyZW5jZXMvVnl0aW5pb3RpczIwMDcucGRmAAATAAEvAAAVAAIACv//AACABdIcHR4fWCRjbGFzc2VzWiRjbGFzc25hbWWjHyAhXU5TTXV0YWJsZURhdGFWTlNEYXRhWE5TT2JqZWN0XxASVnl0aW5pb3RpczIwMDcucGRm0hwdJCWiJSFcTlNEaWN0aW9uYXJ5EgABhqBfEA9OU0tleWVkQXJjaGl2ZXIACAARABYAHwAoADIANQA6ADwARQBLAFIAXQBlAGwAbwBxAHMAdgB4AHoAfACGAJMAmACgAmwCbgJzAnwChwKLApkCoAKpAr4CwwLGAtMC2AAAAAAAAAIBAAAAAAAAACgAAAAAAAAAAAAAAAAAAALq}}

@article{Wadler:2003,
	Author = {P. Wadler},
	Journal = {SIGPLAN Not.},
	Month = { August },
	Number = {9},
	Pages = {189--201},
	Title = {Call-by-value is dual to call-by-name},
	Volume = {38},
	Year = {2003}}

@incollection{Wadler:2005,
	Author = {P. Wadler},
	Booktitle = {Term Rewriting and Applications},
	Editor = {Giesl, J.},
	Pages = {185-203},
	Publisher = {Springer Berlin Heidelberg},
	Series = {Lecture Notes in Computer Science},
	Title = {Call-by-Value Is Dual to Call-by-Name -- Reloaded},
	Volume = {3467},
	Year = {2005}}

@article{Wadler:2007,
	Author = {P. Wadler},
	Date-Added = {2011-12-01 16:37:33 -0600},
	Date-Modified = {2011-12-05 13:11:16 -0600},
	Doi = {10.1016/j.tcs.2006.12.042},
	Issn = {0304-3975},
	Journal = {Theoretical Computer Science},
	Keywords = {Curry‚Howard},
	Note = {Festschrift for John C. Reynolds‚ 70th birthday},
	Number = {1-3},
	Pages = {201 - 226},
	Read = {1},
	Title = {The Girard,Reynolds isomorphism (second edition)},
	Url = {http://www.sciencedirect.com/science/article/pii/S0304397506009236},
	Volume = {375},
	Year = {2007},
	Bdsk-File-1 = {YnBsaXN0MDDUAQIDBAUIJidUJHRvcFgkb2JqZWN0c1gkdmVyc2lvblkkYXJjaGl2ZXLRBgdUcm9vdIABqAkKFRYXGyIjVSRudWxs0wsMDQ4RFFpOUy5vYmplY3RzV05TLmtleXNWJGNsYXNzog8QgASABqISE4ACgAOAB1lhbGlhc0RhdGFccmVsYXRpdmVQYXRo0hgNGRpXTlMuZGF0YU8RAbgAAAAAAbgAAgAADE1hY2ludG9zaCBIRAAAAAAAAAAAAAAAAAAAAMe4bklIKwAAAA/xIQ5XYWRsZXIyMDA3LnBkZgAAAAAAAAAAAAAAAAAAAAAAAAAAAAAAAAAAAAAAAAAAAAAAAAAAAAAAAAAAAAAAAAAGaVOayv1d8wAAAAAAAAAAAAEAAgAACSAAAAAAAAAAAAAAAAAAAAAKcmVmZXJlbmNlcwAQAAgAAMe4wqkAAAARAAgAAMr9slMAAAABABgAD/EhAA/xHgAP0GYACEn7AAhJ7gAAkjsAAgBKTWFjaW50b3NoIEhEOlVzZXJzOmhkZTpEb2N1bWVudHM6c2Nob29sOlJlc2VhcmNoOnJlZmVyZW5jZXM6V2FkbGVyMjAwNy5wZGYADgAeAA4AVwBhAGQAbABlAHIAMgAwADAANwAuAHAAZABmAA8AGgAMAE0AYQBjAGkAbgB0AG8AcwBoACAASABEABIAPVVzZXJzL2hkZS9Eb2N1bWVudHMvc2Nob29sL1Jlc2VhcmNoL3JlZmVyZW5jZXMvV2FkbGVyMjAwNy5wZGYAABMAAS8AABUAAgAK//8AAIAF0hwdHh9YJGNsYXNzZXNaJGNsYXNzbmFtZaMfICFdTlNNdXRhYmxlRGF0YVZOU0RhdGFYTlNPYmplY3ReV2FkbGVyMjAwNy5wZGbSHB0kJaIlIVxOU0RpY3Rpb25hcnkSAAGGoF8QD05TS2V5ZWRBcmNoaXZlcgAIABEAFgAfACgAMgA1ADoAPABFAEsAUgBdAGUAbABvAHEAcwB2AHgAegB8AIYAkwCYAKACXAJeAmMCbAJ3AnsCiQKQApkCqAKtArACvQLCAAAAAAAAAgEAAAAAAAAAKAAAAAAAAAAAAAAAAAAAAtQ=}}

@incollection{Watkins:2004,
	Affiliation = {Department of Computer Science, Carnegie Mellon University},
	Author = {K. Watkins and I. Cervesato and F. Pfenning and D. Walker},
	Booktitle = {Types for Proofs and Programs},
	Date-Added = {2011-04-19 15:57:43 -0500},
	Date-Modified = {2011-12-12 16:23:09 -0600},
	Editor = {Berardi, S. and Coppo, M. and Damiani, F.},
	Pages = {355-377},
	Publisher = {Springer Berlin / Heidelberg},
	Read = {1},
	Series = {Lecture Notes in Computer Science},
	Title = {A Concurrent Logical Framework: The Propositional Fragment},
	Volume = {3085},
	Year = {2004},
	Bdsk-File-1 = {YnBsaXN0MDDUAQIDBAUIJidUJHRvcFgkb2JqZWN0c1gkdmVyc2lvblkkYXJjaGl2ZXLRBgdUcm9vdIABqAkKFRYXGyIjVSRudWxs0wsMDQ4RFFpOUy5vYmplY3RzV05TLmtleXNWJGNsYXNzog8QgASABqISE4ACgAOAB1lhbGlhc0RhdGFccmVsYXRpdmVQYXRo0hgNGRpXTlMuZGF0YU8RAbwAAAAAAbwAAgAADE1hY2ludG9zaCBIRAAAAAAAAAAAAAAAAAAAAMe4bklIKwAAAA/xIQ9XYXRraW5zMjAwNC5wZGYAAAAAAAAAAAAAAAAAAAAAAAAAAAAAAAAAAAAAAAAAAAAAAAAAAAAAAAAAAAAAAAACmo3ZydNhtwAAAAAAAAAAAAEAAgAACSAAAAAAAAAAAAAAAAAAAAAKcmVmZXJlbmNlcwAQAAgAAMe4wqkAAAARAAgAAMnTqAcAAAABABgAD/EhAA/xHgAP0GYACEn7AAhJ7gAAkjsAAgBLTWFjaW50b3NoIEhEOlVzZXJzOmhkZTpEb2N1bWVudHM6c2Nob29sOlJlc2VhcmNoOnJlZmVyZW5jZXM6V2F0a2luczIwMDQucGRmAAAOACAADwBXAGEAdABrAGkAbgBzADIAMAAwADQALgBwAGQAZgAPABoADABNAGEAYwBpAG4AdABvAHMAaAAgAEgARAASAD5Vc2Vycy9oZGUvRG9jdW1lbnRzL3NjaG9vbC9SZXNlYXJjaC9yZWZlcmVuY2VzL1dhdGtpbnMyMDA0LnBkZgATAAEvAAAVAAIACv//AACABdIcHR4fWCRjbGFzc2VzWiRjbGFzc25hbWWjHyAhXU5TTXV0YWJsZURhdGFWTlNEYXRhWE5TT2JqZWN0XxAPV2F0a2luczIwMDQucGRm0hwdJCWiJSFcTlNEaWN0aW9uYXJ5EgABhqBfEA9OU0tleWVkQXJjaGl2ZXIACAARABYAHwAoADIANQA6ADwARQBLAFIAXQBlAGwAbwBxAHMAdgB4AHoAfACGAJMAmACgAmACYgJnAnACewJ/Ao0ClAKdAq8CtAK3AsQCyQAAAAAAAAIBAAAAAAAAACgAAAAAAAAAAAAAAAAAAALb}}


@unpublished{Weyl:1918,
	Author = {H. Weyl},
	Date-Added = {2012-09-06 19:59:17 -0500},
	Date-Modified = {2012-09-06 20:00:23 -0500},
	Note = {Translated as Weyl 1994},
	Title = {Das Kontinuum},
	Year = {1918}}

@inproceedings{Xi:1998,
	Address = {Montreal},
	Author = {H. Xi and F. Pfenning},
	Booktitle = {Proceedings of ACM SIGPLAN Conference on Programming Language Design and Implementation},
	Date-Added = {2012-01-06 12:54:19 -0600},
	Date-Modified = {2012-01-06 12:54:28 -0600},
	Month = {June},
	Pages = {249--257},
	Title = {Eliminating Array Bound Checking through Dependent Types},
	Year = 1998,
	Bdsk-File-1 = {YnBsaXN0MDDUAQIDBAUIJidUJHRvcFgkb2JqZWN0c1gkdmVyc2lvblkkYXJjaGl2ZXLRBgdUcm9vdIABqAkKFRYXGyIjVSRudWxs0wsMDQ4RFFpOUy5vYmplY3RzV05TLmtleXNWJGNsYXNzog8QgASABqISE4ACgAOAB1lhbGlhc0RhdGFccmVsYXRpdmVQYXRo0hgNGRpXTlMuZGF0YU8RAagAAAAAAagAAgAADE1hY2ludG9zaCBIRAAAAAAAAAAAAAAAAAAAAMe4bklIKwAAAA/xIQpYaTE5OTgucGRmAAAAAAAAAAAAAAAAAAAAAAAAAAAAAAAAAAAAAAAAAAAAAAAAAAAAAAAAAAAAAAAAAAAAAAAGpPgGyyygKgAAAAAAAAAAAAEAAgAACSAAAAAAAAAAAAAAAAAAAAAKcmVmZXJlbmNlcwAQAAgAAMe4wqkAAAARAAgAAMss9IoAAAABABgAD/EhAA/xHgAP0GYACEn7AAhJ7gAAkjsAAgBGTWFjaW50b3NoIEhEOlVzZXJzOmhkZTpEb2N1bWVudHM6c2Nob29sOlJlc2VhcmNoOnJlZmVyZW5jZXM6WGkxOTk4LnBkZgAOABYACgBYAGkAMQA5ADkAOAAuAHAAZABmAA8AGgAMAE0AYQBjAGkAbgB0AG8AcwBoACAASABEABIAOVVzZXJzL2hkZS9Eb2N1bWVudHMvc2Nob29sL1Jlc2VhcmNoL3JlZmVyZW5jZXMvWGkxOTk4LnBkZgAAEwABLwAAFQACAAr//wAAgAXSHB0eH1gkY2xhc3Nlc1okY2xhc3NuYW1lox8gIV1OU011dGFibGVEYXRhVk5TRGF0YVhOU09iamVjdFpYaTE5OTgucGRm0hwdJCWiJSFcTlNEaWN0aW9uYXJ5EgABhqBfEA9OU0tleWVkQXJjaGl2ZXIACAARABYAHwAoADIANQA6ADwARQBLAFIAXQBlAGwAbwBxAHMAdgB4AHoAfACGAJMAmACgAkwCTgJTAlwCZwJrAnkCgAKJApQCmQKcAqkCrgAAAAAAAAIBAAAAAAAAACgAAAAAAAAAAAAAAAAAAALA}}

@inproceedings{Xi:1999a,
	Address = {San Antonio},
	Author = {H. Xi and F. Pfenning},
	Booktitle = {Proceedings of the 26th ACM SIGPLAN Symposium on Principles of Programming Languages},
	Date-Added = {2012-01-06 12:52:40 -0600},
	Date-Modified = {2012-01-06 12:52:54 -0600},
	Month = {January},
	Pages = {214--227},
	Title = {Dependent Types in Practical Programming},
	Year = 1999,
	Bdsk-File-1 = {YnBsaXN0MDDUAQIDBAUIJidUJHRvcFgkb2JqZWN0c1gkdmVyc2lvblkkYXJjaGl2ZXLRBgdUcm9vdIABqAkKFRYXGyIjVSRudWxs0wsMDQ4RFFpOUy5vYmplY3RzV05TLmtleXNWJGNsYXNzog8QgASABqISE4ACgAOAB1lhbGlhc0RhdGFccmVsYXRpdmVQYXRo0hgNGRpXTlMuZGF0YU8RAawAAAAAAawAAgAADE1hY2ludG9zaCBIRAAAAAAAAAAAAAAAAAAAAMe4bklIKwAAAA/xIQtYaTE5OTlhLnBkZgAAAAAAAAAAAAAAAAAAAAAAAAAAAAAAAAAAAAAAAAAAAAAAAAAAAAAAAAAAAAAAAAAAAAAGpPg9yyygcwAAAAAAAAAAAAEAAgAACSAAAAAAAAAAAAAAAAAAAAAKcmVmZXJlbmNlcwAQAAgAAMe4wqkAAAARAAgAAMss9NMAAAABABgAD/EhAA/xHgAP0GYACEn7AAhJ7gAAkjsAAgBHTWFjaW50b3NoIEhEOlVzZXJzOmhkZTpEb2N1bWVudHM6c2Nob29sOlJlc2VhcmNoOnJlZmVyZW5jZXM6WGkxOTk5YS5wZGYAAA4AGAALAFgAaQAxADkAOQA5AGEALgBwAGQAZgAPABoADABNAGEAYwBpAG4AdABvAHMAaAAgAEgARAASADpVc2Vycy9oZGUvRG9jdW1lbnRzL3NjaG9vbC9SZXNlYXJjaC9yZWZlcmVuY2VzL1hpMTk5OWEucGRmABMAAS8AABUAAgAK//8AAIAF0hwdHh9YJGNsYXNzZXNaJGNsYXNzbmFtZaMfICFdTlNNdXRhYmxlRGF0YVZOU0RhdGFYTlNPYmplY3RbWGkxOTk5YS5wZGbSHB0kJaIlIVxOU0RpY3Rpb25hcnkSAAGGoF8QD05TS2V5ZWRBcmNoaXZlcgAIABEAFgAfACgAMgA1ADoAPABFAEsAUgBdAGUAbABvAHEAcwB2AHgAegB8AIYAkwCYAKACUAJSAlcCYAJrAm8CfQKEAo0CmQKeAqECrgKzAAAAAAAAAgEAAAAAAAAAKAAAAAAAAAAAAAAAAAAAAsU=}}

@inproceedings{Xi:1999b,
	Address = {Paris},
	Author = {H. Xi},
	Booktitle = {Proceedings of Workshop of Algorithmic Aspects of Advanced Programming Languages (WAAAPL '99)},
	Date-Added = {2012-01-06 12:52:01 -0600},
	Date-Modified = {2012-01-06 12:53:01 -0600},
	Month = {September},
	Pages = {17--32},
	Title = {{Dependently Typed Data Structures}},
	Year = {1999},
	Bdsk-File-1 = {YnBsaXN0MDDUAQIDBAUIJidUJHRvcFgkb2JqZWN0c1gkdmVyc2lvblkkYXJjaGl2ZXLRBgdUcm9vdIABqAkKFRYXGyIjVSRudWxs0wsMDQ4RFFpOUy5vYmplY3RzV05TLmtleXNWJGNsYXNzog8QgASABqISE4ACgAOAB1lhbGlhc0RhdGFccmVsYXRpdmVQYXRo0hgNGRpXTlMuZGF0YU8RAawAAAAAAawAAgAADE1hY2ludG9zaCBIRAAAAAAAAAAAAAAAAAAAAMe4bklIKwAAAA/xIQtYaTE5OTliLnBkZgAAAAAAAAAAAAAAAAAAAAAAAAAAAAAAAAAAAAAAAAAAAAAAAAAAAAAAAAAAAAAAAAAAAAAGpPeWyyyfsQAAAAAAAAAAAAEAAgAACSAAAAAAAAAAAAAAAAAAAAAKcmVmZXJlbmNlcwAQAAgAAMe4wqkAAAARAAgAAMss9BEAAAABABgAD/EhAA/xHgAP0GYACEn7AAhJ7gAAkjsAAgBHTWFjaW50b3NoIEhEOlVzZXJzOmhkZTpEb2N1bWVudHM6c2Nob29sOlJlc2VhcmNoOnJlZmVyZW5jZXM6WGkxOTk5Yi5wZGYAAA4AGAALAFgAaQAxADkAOQA5AGIALgBwAGQAZgAPABoADABNAGEAYwBpAG4AdABvAHMAaAAgAEgARAASADpVc2Vycy9oZGUvRG9jdW1lbnRzL3NjaG9vbC9SZXNlYXJjaC9yZWZlcmVuY2VzL1hpMTk5OWIucGRmABMAAS8AABUAAgAK//8AAIAF0hwdHh9YJGNsYXNzZXNaJGNsYXNzbmFtZaMfICFdTlNNdXRhYmxlRGF0YVZOU0RhdGFYTlNPYmplY3RbWGkxOTk5Yi5wZGbSHB0kJaIlIVxOU0RpY3Rpb25hcnkSAAGGoF8QD05TS2V5ZWRBcmNoaXZlcgAIABEAFgAfACgAMgA1ADoAPABFAEsAUgBdAGUAbABvAHEAcwB2AHgAegB8AIYAkwCYAKACUAJSAlcCYAJrAm8CfQKEAo0CmQKeAqECrgKzAAAAAAAAAgEAAAAAAAAAKAAAAAAAAAAAAAAAAAAAAsU=}}

@inproceedings{Xi:1999c,
	Address = {San Antonio},
	Author = {H. Xi},
	Booktitle = {The First International Workshop on Practical Aspects of Declarative Languages},
	Date-Added = {2012-01-06 12:53:31 -0600},
	Date-Modified = {2012-01-06 12:53:40 -0600},
	Month = {January},
	Pages = {228--242},
	Publisher = {Springer-Verlag LNCS vol. 1551},
	Title = {Dead Code Elimination through Dependent Types},
	Year = 1999,
	Bdsk-File-1 = {YnBsaXN0MDDUAQIDBAUIJidUJHRvcFgkb2JqZWN0c1gkdmVyc2lvblkkYXJjaGl2ZXLRBgdUcm9vdIABqAkKFRYXGyIjVSRudWxs0wsMDQ4RFFpOUy5vYmplY3RzV05TLmtleXNWJGNsYXNzog8QgASABqISE4ACgAOAB1lhbGlhc0RhdGFccmVsYXRpdmVQYXRo0hgNGRpXTlMuZGF0YU8RAawAAAAAAawAAgAADE1hY2ludG9zaCBIRAAAAAAAAAAAAAAAAAAAAMe4bklIKwAAAA/xIQtYaTE5OTljLnBkZgAAAAAAAAAAAAAAAAAAAAAAAAAAAAAAAAAAAAAAAAAAAAAAAAAAAAAAAAAAAAAAAAAAAAAGpPfwyyygDwAAAAAAAAAAAAEAAgAACSAAAAAAAAAAAAAAAAAAAAAKcmVmZXJlbmNlcwAQAAgAAMe4wqkAAAARAAgAAMss9G8AAAABABgAD/EhAA/xHgAP0GYACEn7AAhJ7gAAkjsAAgBHTWFjaW50b3NoIEhEOlVzZXJzOmhkZTpEb2N1bWVudHM6c2Nob29sOlJlc2VhcmNoOnJlZmVyZW5jZXM6WGkxOTk5Yy5wZGYAAA4AGAALAFgAaQAxADkAOQA5AGMALgBwAGQAZgAPABoADABNAGEAYwBpAG4AdABvAHMAaAAgAEgARAASADpVc2Vycy9oZGUvRG9jdW1lbnRzL3NjaG9vbC9SZXNlYXJjaC9yZWZlcmVuY2VzL1hpMTk5OWMucGRmABMAAS8AABUAAgAK//8AAIAF0hwdHh9YJGNsYXNzZXNaJGNsYXNzbmFtZaMfICFdTlNNdXRhYmxlRGF0YVZOU0RhdGFYTlNPYmplY3RbWGkxOTk5Yy5wZGbSHB0kJaIlIVxOU0RpY3Rpb25hcnkSAAGGoF8QD05TS2V5ZWRBcmNoaXZlcgAIABEAFgAfACgAMgA1ADoAPABFAEsAUgBdAGUAbABvAHEAcwB2AHgAegB8AIYAkwCYAKACUAJSAlcCYAJrAm8CfQKEAo0CmQKeAqECrgKzAAAAAAAAAgEAAAAAAAAAKAAAAAAAAAAAAAAAAAAAAsU=}}

@inproceedings{Xi:2001,
	Abstract = {{
Program termination verification is a challenging research subject of
significant practical importance. While there is already a rich body
of literature on this subject, it is still undeniably a difficult task
to design a termination checker for a realistic programming language
that supports general recursion.  In this paper, we present an
approach to program termination verification that makes use of a form
of dependent types developed in Dependent ML (DML), demonstrating a
novel application of such dependent types to establishing a liveness
property. We design a type system that enables the programmer to
supply metrics for verifying program termination and prove that every
well-typed program in this type system is terminating.  We also
provide realistic examples, which are all verified in a prototype
implementation, to support the effectiveness of our approach to
program termination verification as well as its unobtrusiveness to
programming. The main contribution of the paper lies in the design of
an approach to program termination verification that smoothly combines
types with metrics, yielding a type system capable of guaranteeing
program termination that supports a general form of recursion
(including mutual recursion), higher-order functions, algebraic
datatypes, and polymorphism.
}},
	Address = {Boston},
	Author = {H. Xi},
	Booktitle = {Proceedings of 16th IEEE Symposium on Logic in Computer Science},
	Date-Added = {2012-01-06 12:50:30 -0600},
	Date-Modified = {2012-01-06 12:50:39 -0600},
	Month = {June},
	Pages = {231--242},
	Title = {{Dependent Types for Program Termination Verification}},
	Year = 2001,
	Bdsk-File-1 = {YnBsaXN0MDDUAQIDBAUIJidUJHRvcFgkb2JqZWN0c1gkdmVyc2lvblkkYXJjaGl2ZXLRBgdUcm9vdIABqAkKFRYXGyIjVSRudWxs0wsMDQ4RFFpOUy5vYmplY3RzV05TLmtleXNWJGNsYXNzog8QgASABqISE4ACgAOAB1lhbGlhc0RhdGFccmVsYXRpdmVQYXRo0hgNGRpXTlMuZGF0YU8RAagAAAAAAagAAgAADE1hY2ludG9zaCBIRAAAAAAAAAAAAAAAAAAAAMe4bklIKwAAAA/xIQpYaTIwMDEucGRmAAAAAAAAAAAAAAAAAAAAAAAAAAAAAAAAAAAAAAAAAAAAAAAAAAAAAAAAAAAAAAAAAAAAAAAGpPgeyyygSwAAAAAAAAAAAAEAAgAACSAAAAAAAAAAAAAAAAAAAAAKcmVmZXJlbmNlcwAQAAgAAMe4wqkAAAARAAgAAMss9KsAAAABABgAD/EhAA/xHgAP0GYACEn7AAhJ7gAAkjsAAgBGTWFjaW50b3NoIEhEOlVzZXJzOmhkZTpEb2N1bWVudHM6c2Nob29sOlJlc2VhcmNoOnJlZmVyZW5jZXM6WGkyMDAxLnBkZgAOABYACgBYAGkAMgAwADAAMQAuAHAAZABmAA8AGgAMAE0AYQBjAGkAbgB0AG8AcwBoACAASABEABIAOVVzZXJzL2hkZS9Eb2N1bWVudHMvc2Nob29sL1Jlc2VhcmNoL3JlZmVyZW5jZXMvWGkyMDAxLnBkZgAAEwABLwAAFQACAAr//wAAgAXSHB0eH1gkY2xhc3Nlc1okY2xhc3NuYW1lox8gIV1OU011dGFibGVEYXRhVk5TRGF0YVhOU09iamVjdFpYaTIwMDEucGRm0hwdJCWiJSFcTlNEaWN0aW9uYXJ5EgABhqBfEA9OU0tleWVkQXJjaGl2ZXIACAARABYAHwAoADIANQA6ADwARQBLAFIAXQBlAGwAbwBxAHMAdgB4AHoAfACGAJMAmACgAkwCTgJTAlwCZwJrAnkCgAKJApQCmQKcAqkCrgAAAAAAAAIBAAAAAAAAACgAAAAAAAAAAAAAAAAAAALA}}

@article{Yang:2006,
	Acmid = {1189259},
	Address = {New York, NY, USA},
	Author = {J. Yang and P. Twohey and D. Engler and M. Musuvathi},
	Date-Added = {2012-01-06 15:01:33 -0600},
	Date-Modified = {2012-01-06 15:01:50 -0600},
	Doi = {http://doi.acm.org/10.1145/1189256.1189259},
	Issn = {0734-2071},
	Issue = {4},
	Journal = {ACM Trans. Comput. Syst.},
	Keywords = {Model checking, crash, file system, journaling, recovery},
	Month = {November},
	Numpages = {31},
	Pages = {393--423},
	Publisher = {ACM},
	Title = {Using model checking to find serious file system errors},
	Url = {http://doi.acm.org/10.1145/1189256.1189259},
	Volume = {24},
	Year = {2006},
	Bdsk-File-1 = {YnBsaXN0MDDUAQIDBAUIJidUJHRvcFgkb2JqZWN0c1gkdmVyc2lvblkkYXJjaGl2ZXLRBgdUcm9vdIABqAkKFRYXGyIjVSRudWxs0wsMDQ4RFFpOUy5vYmplY3RzV05TLmtleXNWJGNsYXNzog8QgASABqISE4ACgAOAB1lhbGlhc0RhdGFccmVsYXRpdmVQYXRo0hgNGRpXTlMuZGF0YU8RAbAAAAAAAbAAAgAADE1hY2ludG9zaCBIRAAAAAAAAAAAAAAAAAAAAMe4bklIKwAAAA/xIQxZYW5nMjAwNi5wZGYAAAAAAAAAAAAAAAAAAAAAAAAAAAAAAAAAAAAAAAAAAAAAAAAAAAAAAAAAAAAAAAAAAAAGpSvkyyy9cAAAAAAAAAAAAAEAAgAACSAAAAAAAAAAAAAAAAAAAAAKcmVmZXJlbmNlcwAQAAgAAMe4wqkAAAARAAgAAMstEdAAAAABABgAD/EhAA/xHgAP0GYACEn7AAhJ7gAAkjsAAgBITWFjaW50b3NoIEhEOlVzZXJzOmhkZTpEb2N1bWVudHM6c2Nob29sOlJlc2VhcmNoOnJlZmVyZW5jZXM6WWFuZzIwMDYucGRmAA4AGgAMAFkAYQBuAGcAMgAwADAANgAuAHAAZABmAA8AGgAMAE0AYQBjAGkAbgB0AG8AcwBoACAASABEABIAO1VzZXJzL2hkZS9Eb2N1bWVudHMvc2Nob29sL1Jlc2VhcmNoL3JlZmVyZW5jZXMvWWFuZzIwMDYucGRmAAATAAEvAAAVAAIACv//AACABdIcHR4fWCRjbGFzc2VzWiRjbGFzc25hbWWjHyAhXU5TTXV0YWJsZURhdGFWTlNEYXRhWE5TT2JqZWN0XFlhbmcyMDA2LnBkZtIcHSQloiUhXE5TRGljdGlvbmFyeRIAAYagXxAPTlNLZXllZEFyY2hpdmVyAAgAEQAWAB8AKAAyADUAOgA8AEUASwBSAF0AZQBsAG8AcQBzAHYAeAB6AHwAhgCTAJgAoAJUAlYCWwJkAm8CcwKBAogCkQKeAqMCpgKzArgAAAAAAAACAQAAAAAAAAAoAAAAAAAAAAAAAAAAAAACyg==}}